2716 4556
513 287 520 296 ’
583 323 676 393 asan.
928 271 932 284 ¹
1045 325 1160 401 'tos

98 483 297 543 Universitati
325 483 473 540 maculam
502 493 655 557 parerent.
698 483 805 556 ltaque
828 483 985 542 omissum
1002 494 1048 543 est
1071 503 1159 559 opus.

96 579 160 638 Ubi
184 575 297 636 Eccius
325 580 418 636 altera
443 580 491 635 die
522 581 558 634 ad
585 579 688 634 locum
709 579 861 645 venisset,
889 579 983 636 iratus
1001 563 1158 652 discessit,

95 691 135 730 re
169 665 301 730 infecta:
337 674 446 730 credas
479 673 636 728 hominem
673 672 804 727 maenada
842 671 971 743 aliquam
1001 674 1157 734 Baccham
1232 681 1235 690 '

95 767 229 824 factum.
256 767 305 824 Sic
320 767 558 837 theologisamns
576 767 681 822 hodie.
709 767 859 820 Caeterum
873 767 986 822 nollem
1000 770 1158 840 relegere,
1229 823 1234 832 ,

93 859 182 932 leges
202 870 323 925 tamen,
354 878 420 936 quae
447 862 476 917 in
504 861 750 918 Carolostadiuna
776 860 904 916 effutivit
922 863 979 930 ⁸):
1008 843 1099 935 quem
1118 867 1160 922 ita

93 955 254 1013 conioedat
267 995 278 1024 ‚
306 965 341 1012 ut
363 957 494 1012 necdum
516 956 644 1012 viderim
667 973 725 1012 nec
746 955 912 1012 audiverim
932 957 1044 1014 librum
1062 959 1160 1031 impu.

93 1051 239 1106 dentiorc
259 1058 291 1104 et
311 1049 521 1122 impuriorem.
550 1049 716 1122 Deplorati
740 1051 828 1106 animi
847 1049 943 1108 homo
968 1062 1038 1122 est,
1066 1055 1172 1110 miser
1268 1079 1273 1084 ·

94 1146 253 1217 sophista,
272 1143 331 1215 ,ubi
350 1145 432 1200 videt
447 1161 537 1201 suum
554 1145 744 1217 propositum
764 1146 812 1200 ael
826 1145 942 1200 differri
964 1147 1011 1202 vel
1038 1149 1159 1204 irritum

95 1239 175 1295 fieri.
193 1238 270 1294 Dux
288 1237 442 1309 Georgius
456 1240 555 1296 denuo
570 1239 691 1310 scripsit
704 1239 955 1300 Erfurdieusibus
979 1257 1088 1312 magno
1107 1257 1158 1300 su.
1182 1309 1184 1312 Ι

96 1333 228 1406 persilio
248 1334 311 1404 (sic
322 1331 444 1403 Langus
459 1341 565 1390 noster
579 1333 713 1403 scribit),
733 1344 767 1390 ut
780 1335 994 1408 respondeant,
1014 1343 1086 1392 uter
1097 1345 1158 1392 no:

94 1437 198 1485 strum
218 1429 254 1485 dc
274 1427 332 1484 lide
352 1429 460 1484 melius
478 1427 596 1485 sentiat.
618 1425 721 1485 Bonus
741 1429 901 1500 Princeps,
921 1422 1155 1502 sedquiaiyarus
1261 1499 1265 1508 Α

94 1523 145 1578 καὶ
165 1514 272 1594 oa'parai
288 1541 316 1579 ιι
332 1516 390 1578 aira*
406 1519 457 1578 raia
470 1519 589 1588 capieris.
627 1523 836 1581 Caristadius
828 1541 859 1580 ιιι
879 1525 1010 1582 Eocium
1027 1527 1154 1630 molitur

97 1619 263 1674 contraria.
298 1615 382 1673 Ecce
401 1617 534 1673 fructum
554 1617 763 1689 disputationis
779 1620 919 1692 Lipsicas.

167 1711 216 1768 Nc
241 1711 369 1767 verbum
393 1712 515 1784 quidem
536 1729 592 1782 ego
616 1713 725 1782 collegi
748 1715 786 1772 dc
811 1715 1011 1772 concionibus
1033 1715 1108 1771 meis
1127 1715 1157 1770 in

95 1805 304 1874 Matthaaum,
329 1805 370 1860 mi
398 1805 569 1876 Spalatine,
601 1807 717 1862 etiamsi
742 1806 805 1863 -vix
830 1809 908 1864 aliud
933 1826 1017 1882 aeqne
1043 1810 1157 1865 aelim:

94 1917 209 1957 verum
231 1911 351 1972 tempus
371 1899 507 1956 destituit
525 1915 585 1956 me.
621 1900 722 1957 Porro
742 1905 949 1960 enarrationes
967 1904 1005 1960 ab
1027 1905 1158 1960 adventu
1182 1903 1186 1914 ‘

94 1997 236 2068 inceptas
270 1995 405 2052 nondum
440 1993 568 2065 perduxi
598 1995 634 2049 ad
666 1997 925 2067 quadragesimam
956 1999 1098 2068 nihilque·
1120 1998 1158 2054 de

96 2089 328 2160 quadragesime
342 2089 451 2162 incepi.
487 2087 541 2160 Vis
556 2089 706 2146 rationem
723 2090 869 2146 breviter.
905 2089 1096 2162 Impossibile
1111 2100 1160 2146 est

94 2185 175 2242 mihi
198 2185 317 2252 facere,
349 2195 458 2240 votum
477 2199 540 2240 non
560 2184 667 2240 dcesta
691 2185 771 2241 vires
789 2185 863 2242 satis
880 2195 951 2242 sunt
969 2186 1029 2241 Dei
1047 2186 1159 2256 gratia,

95 2279 158 2336 scd.
175 2279 231 2334 vix
251 2277 402 2335 Psalterio
430 2277 556 2334 sufficio.
599 2276 677 2358 Non
690 2279 806 2348 credis,
832 2287 978 2352 quantum
998 2271 1158 2352 aliquando

94 2373 174 2430 mihi
193 2371 240 2427 ael
260 2387 338 2428 unus
354 2387 463 2428 versus
482 2371 615 2446 praebeat
632 2373 756 2443 negotii.
791 2371 889 2430 Dices
908 2371 1063 2444 Principi,
1087 2387 1156 2437 mc.

48 2455 53 2463 “
95 2469 179 2524 sieut
192 2465 323 2522 libenter
340 2482 405 2522 rena
419 2482 487 2521 sum
500 2481 669 2536 aggressus,
682 2465 723 2522 ita
736 2467 868 2523 libenter
880 2469 1157 2540 prosequuturum:

94 2577 209 2618 verum
229 2570 265 2617 tu
283 2541 319 2615 da
339 2561 403 2617 dies
422 2559 510 2630 binos
531 2570 583 2616 aut
602 2569 707 2616 ternos
728 2577 784 2634 pro
804 2562 946 2632 singulis,
965 2569 996 2616 ct
1012 2562 1065 2617 aix
1083 2561 1156 2618 satis

96 2657 171 2712 erit.
214 2653 343 2728 Rapitur
363 2655 438 2711 mihi
458 2671 675 2726 nonnunquam
695 2665 814 2730 tempus
834 2667 863 2712 et
885 2657 984 2713 alieno
1006 2639 1157 2727 obsequio

97 2751 231 2806 fratrum
245 2758 275 2804 et
292 2748 515 2819 proximorum.
549 2749 622 2804 Heri
643 2767 766 2824 quoque
788 2751 902 2821 perdidi
924 2749 1003 2804 diem
1023 2745 1158 2804 medium

96 2843 298 2915 responsione
319 2843 355 2898 ad
377 2841 587 2900 inhibitionem
609 2842 807 2900 Misnenssm.
850 2843 922 2897 Sum
939 2849 1024 2898 certe
1041 2841 1158 2897 velocis

95 2953 207 2995 manus
228 2949 258 2994 et
280 2947 408 3012 promte
430 2939 603 3008 memoriae,
629 2953 723 3010 equa
743 2937 816 2992 milii
835 2935 900 2991 fluit
919 2935 1038 3010 potius,
1064 2925 1156 3008 quam

95 3043 276 3107 promatur,
305 3033 449 3104 quicquid
475 3032 601 3088 scribo:
639 3048 695 3085 nec
720 3033 765 3086 sic
790 3041 891 3086 tamen
917 3029 1056 3086 sufficio:
1093 3029 1157 3085 aliis

96 3125 285 3184 tardioribus
300 3127 371 3198 quid
386 3127 522 3196 accidat,
542 3125 650 3180 miror.
669 3125 734 3179 Scis
750 3133 851 3182 autem
867 3124 1001 3180 studium
1017 3132 1159 3180 nostrum

97 3237 187 3290 esse,
212 3232 245 3276 ut
265 3221 456 3276 Lorheriaois
478 3220 556 3291 typis
578 3227 660 3274 reete
687 3219 833 3276 institutis
855 3220 1047 3276 excudentur
1069 3215 1159 3274 simul
1177 3196 1182 3212 ’

97 3319 250 3380 universas
275 3317 507 3384 enarrationes,
531 3323 630 3386 atque.
650 3314 680 3368 id
705 3315 822 3390 agitur,
847 3325 881 3368 ut
909 3325 999 3386 quam
1026 3311 1159 3384 primum

97 3412 281 3484 incipiamus
300 3410 390 3466 simul
409 3419 440 3466 et
456 3408 642 3480 Philippicas
660 3424 752 3479 super
773 3409 1000 3464 sententiarum.
1040 3405 1111 3461 Vale
1130 3415 1162 3464 et

97 3521 151 3563 mc
170 3505 306 3578 Principi
324 3505 512 3563 commenda.
530 3503 667 3599 ‘Octava
686 3487 857 3593 Februarii,
876 3519 953 3558 anno
975 3501 1115 3557 MDxx.

656 3596 1003 3664 MartinusLutherus·‚
1030 3597 1160 3665 August.
1228 3644 1231 3652 ,

99 3743 633 3802 *w

156 3857 185 3906 *l
213 3823 265 3904 on
279 3853 344 3904 sitsi
365 3854 404 3901 tta
426 3849 540 3906 utilibus
555 3849 649 3906 &uelit
660 3859 730 3906 assata
747 3849 863 3903 &alsait
877 3849 905 3903 aa
917 3849 965 3896 atta
979 3807 1041 3900 alut
1054 3845 1167 3896 adauct·

89 3933 166 3984 mser
183 3933 211 3983 Ε.
229 3932 273 3988 aab
288 3933 314 3980 lat
330 3933 412 3985 bisitatt
429 3932 506 3988 Satara
522 3933 623 4003 btttttti:
639 3921 785 3980 confutatio
794 3931 908 3977 adversus
922 3925 1072 3976 defectivam
1082 3925 1162 3990 Eplsta

102 4015 142 4068 10.
150 4013 226 4062 stetit
241 4022 286 4063 ete.
302 4010 429 4068 t·1trtu.
446 4011 551 4065 maor.
566 4013 628 4065 llll.
647 4011 682 4062 c.
694 4011 729 4059 28.
747 4008 805 4064 atat.
816 4009 837 4057 t.
850 4008 908 4063 tata.
918 4007 964 4058 mr.
