<?xml version="1.0" encoding="UTF-8"?>
<!DOCTYPE html PUBLIC "-//W3C//DTD XHTML 1.0 Transitional//EN"
    "http://www.w3.org/TR/xhtml1/DTD/xhtml1-transitional.dtd">
<html xmlns="http://www.w3.org/1999/xhtml" xml:lang="en" lang="en">
 <head>
  <title>
</title>
<meta http-equiv="Content-Type" content="text/html;charset=utf-8" />
  <meta name='ocr-system' content='tesseract 3.04.00' />
  <meta name='ocr-capabilities' content='ocr_page ocr_carea ocr_par ocr_line ocrx_word'/>
</head>
<body>
  <div class='ocr_page' id='page_1' title='image "./briefesendschre07luthgoog/briefesendschre07luthgoog_0604.png"; bbox 0 0 2686 4560; ppageno 0'>
   <div class='ocr_carea' id='block_1_1' title="bbox 559 306 1135 374">
    <p class='ocr_par' dir='ltr' id='par_1_1' title="bbox 559 306 1135 374">
     <span class='ocr_line' id='line_1_1' title="bbox 559 306 1135 374; baseline 0.002 -2"><span class='ocrx_word' id='word_1_1' title='bbox 559 307 649 374; x_wconf 79' lang='lat'><strong>1521.</strong></span> <span class='ocrx_word' id='word_1_2' title='bbox 971 359 975 367; x_wconf 79' lang='lat'><em>.</em></span> <span class='ocrx_word' id='word_1_3' title='bbox 1075 306 1135 374; x_wconf 77' lang='lat'><strong>565¹</strong></span> 
     </span>
    </p>
   </div>
   <div class='ocr_carea' id='block_1_2' title="bbox 22 449 1146 1584">
    <p class='ocr_par' dir='ltr' id='par_1_2' title="bbox 22 449 1146 1396">
     <span class='ocr_line' id='line_1_2' title="bbox 70 449 1146 542; baseline -0.002 -18"><span class='ocrx_word' id='word_1_4' title='bbox 70 465 139 525; x_wconf 87' lang='lat' dir='ltr'><strong>iem</strong></span> <span class='ocrx_word' id='word_1_5' title='bbox 168 466 338 542; x_wconf 88' lang='lat' dir='ltr'><strong>praesidium</strong></span> <span class='ocrx_word' id='word_1_6' title='bbox 363 475 394 522; x_wconf 86' lang='lat' dir='ltr'><strong>et</strong></span> <span class='ocrx_word' id='word_1_7' title='bbox 419 464 539 522; x_wconf 85' lang='lat' dir='ltr'><strong>victum</strong></span> <span class='ocrx_word' id='word_1_8' title='bbox 558 465 765 538; x_wconf 82' lang='lat' dir='ltr'><strong>providerem.</strong></span> <span class='ocrx_word' id='word_1_9' title='bbox 800 449 879 522; x_wconf 80' lang='lat' dir='ltr'><strong>Tam</strong></span> <span class='ocrx_word' id='word_1_10' title='bbox 903 473 999 522; x_wconf 86' lang='lat' dir='ltr'><strong>astuta</strong></span> <span class='ocrx_word' id='word_1_11' title='bbox 1017 476 1063 522; x_wconf 86' lang='lat' dir='ltr'><strong>est</strong></span> <span class='ocrx_word' id='word_1_12' title='bbox 1081 455 1146 522; x_wconf 66' lang='lat' dir='ltr'><strong>ne.v</strong></span> 
     </span>
     <span class='ocr_line' id='line_1_3' title="bbox 73 560 1132 636; baseline -0.004 -16"><span class='ocrx_word' id='word_1_13' title='bbox 73 565 176 636; x_wconf 86' lang='lat' dir='ltr'><strong>quitia</strong></span> <span class='ocrx_word' id='word_1_14' title='bbox 195 563 282 618; x_wconf 89' lang='lat' dir='ltr'><strong>illius.</strong></span> <span class='ocrx_word' id='word_1_15' title='bbox 323 560 391 616; x_wconf 88' lang='lat' dir='ltr'><strong>Hoc</strong></span> <span class='ocrx_word' id='word_1_16' title='bbox 412 561 627 628; x_wconf 86' lang='lat' dir='ltr'><strong>considerans,</strong></span> <span class='ocrx_word' id='word_1_17' title='bbox 653 561 830 616; x_wconf 84' lang='lat' dir='ltr'><strong>recordatus</strong></span> <span class='ocrx_word' id='word_1_18' title='bbox 851 577 919 617; x_wconf 88' lang='lat' dir='ltr'><strong>sum</strong></span> <span class='ocrx_word' id='word_1_19' title='bbox 938 563 1033 616; x_wconf 86' lang='lat' dir='ltr'><strong>sancti</strong></span> <span class='ocrx_word' id='word_1_20' title='bbox 1054 561 1132 616; x_wconf 86' lang='lat' dir='ltr'><strong>illius</strong></span> 
     </span>
     <span class='ocr_line' id='line_1_4' title="bbox 23 649 1132 726; baseline -0.003 -13"><span class='ocrx_word' id='word_1_21' title='bbox 23 649 24 654; x_wconf 60' lang='grc'>’</span> <span class='ocrx_word' id='word_1_22' title='bbox 70 657 137 714; x_wconf 84' lang='lat' dir='ltr'><strong>viri</strong></span> <span class='ocrx_word' id='word_1_23' title='bbox 169 657 345 722; x_wconf 77' lang='lat' dir='ltr'><strong>Nehemiae,</strong></span> <span class='ocrx_word' id='word_1_24' title='bbox 371 663 402 709; x_wconf 85' lang='lat' dir='ltr'><strong>et</strong></span> <span class='ocrx_word' id='word_1_25' title='bbox 426 655 541 711; x_wconf 89' lang='lat' dir='ltr'><strong>relictis</strong></span> <span class='ocrx_word' id='word_1_26' title='bbox 569 655 676 711; x_wconf 88' lang='lat' dir='ltr'><strong>otiosis</strong></span> <span class='ocrx_word' id='word_1_27' title='bbox 698 655 1000 726; x_wconf 87' lang='lat' dir='ltr'><strong>contemplationibus</strong></span> <span class='ocrx_word' id='word_1_28' title='bbox 1025 653 1132 724; x_wconf 79' lang='lat' dir='ltr'><strong>Esraa,</strong></span> 
     </span>
     <span class='ocr_line' id='line_1_5' title="bbox 22 745 1132 822; baseline -0.003 -15"><span class='ocrx_word' id='word_1_29' title='bbox 22 785 24 792; x_wconf 78' lang='lat'><em>=</em></span> <span class='ocrx_word' id='word_1_30' title='bbox 72 751 188 808; x_wconf 73' lang='lat' dir='ltr'><strong>scribas</strong></span> <span class='ocrx_word' id='word_1_31' title='bbox 207 749 373 806; x_wconf 81' lang='lat' dir='ltr'><strong>doctissimi</strong></span> <span class='ocrx_word' id='word_1_32' title='bbox 387 745 422 818; x_wconf 71' lang='lat'><strong>⁸)</strong></span> <span class='ocrx_word' id='word_1_33' title='bbox 432 789 443 818; x_wconf 90' lang='lat'><strong>,</strong></span> <span class='ocrx_word' id='word_1_34' title='bbox 460 750 498 804; x_wconf 87' lang='lat' dir='ltr'><strong>de</strong></span> <span class='ocrx_word' id='word_1_35' title='bbox 516 765 588 821; x_wconf 87' lang='lat' dir='ltr'><strong>pace</strong></span> <span class='ocrx_word' id='word_1_36' title='bbox 605 751 764 821; x_wconf 86' lang='lat' dir='ltr'><strong>desperare</strong></span> <span class='ocrx_word' id='word_1_37' title='bbox 783 749 877 822; x_wconf 89' lang='lat' dir='ltr'><strong>coepi,</strong></span> <span class='ocrx_word' id='word_1_38' title='bbox 896 751 977 805; x_wconf 88' lang='lat' dir='ltr'><strong>ultro</strong></span> <span class='ocrx_word' id='word_1_39' title='bbox 993 751 1132 822; x_wconf 89' lang='lat' dir='ltr'><strong>citroque</strong></span> 
     </span>
     <span class='ocr_line' id='line_1_6' title="bbox 72 842 1132 918; baseline -0.004 -16"><span class='ocrx_word' id='word_1_40' title='bbox 72 863 128 902; x_wconf 89' lang='lat' dir='ltr'><strong>me</strong></span> <span class='ocrx_word' id='word_1_41' title='bbox 150 863 257 918; x_wconf 84' lang='lat' dir='ltr'><strong>paraus</strong></span> <span class='ocrx_word' id='word_1_42' title='bbox 277 846 314 901; x_wconf 88' lang='lat' dir='ltr'><strong>ad</strong></span> <span class='ocrx_word' id='word_1_43' title='bbox 328 846 409 917; x_wconf 82' lang='lat' dir='ltr'><strong>pacis</strong></span> <span class='ocrx_word' id='word_1_44' title='bbox 426 854 456 900; x_wconf 92' lang='lat' dir='ltr'><strong>et</strong></span> <span class='ocrx_word' id='word_1_45' title='bbox 473 842 543 905; x_wconf 80' lang='lat' dir='ltr'><strong>betti</strong></span> <span class='ocrx_word' id='word_1_46' title='bbox 563 843 676 912; x_wconf 85' lang='lat' dir='ltr'><strong>studia,</strong></span> <span class='ocrx_word' id='word_1_47' title='bbox 695 861 755 898; x_wconf 82' lang='lat' dir='ltr'><strong>una</strong></span> <span class='ocrx_word' id='word_1_48' title='bbox 772 859 861 898; x_wconf 88' lang='lat' dir='ltr'><strong>manu</strong></span> <span class='ocrx_word' id='word_1_49' title='bbox 879 845 1007 914; x_wconf 77' lang='lat' dir='ltr'><strong>gladium</strong></span> <span class='ocrx_word' id='word_1_50' title='bbox 1028 859 1132 916; x_wconf 77' lang='lat' dir='ltr'><strong>appre-</strong></span> 
     </span>
     <span class='ocr_line' id='line_1_7' title="bbox 71 939 1133 1012; baseline 0 -16"><span class='ocrx_word' id='word_1_51' title='bbox 71 941 239 1010; x_wconf 88' lang='lat' dir='ltr'><strong>hendens,</strong></span> <span class='ocrx_word' id='word_1_52' title='bbox 253 939 405 996; x_wconf 80' lang='lat' dir='ltr'><strong>Arabibns</strong></span> <span class='ocrx_word' id='word_1_53' title='bbox 421 940 496 1012; x_wconf 78' lang='lat' dir='ltr'><strong>meis</strong></span> <span class='ocrx_word' id='word_1_54' title='bbox 515 949 752 1010; x_wconf 83' lang='lat' dir='ltr'><strong>repugnaturus,</strong></span> <span class='ocrx_word' id='word_1_55' title='bbox 773 949 803 993; x_wconf 87' lang='lat' dir='ltr'><strong>et</strong></span> <span class='ocrx_word' id='word_1_56' title='bbox 822 939 914 994; x_wconf 85' lang='lat' dir='ltr'><strong>altera</strong></span> <span class='ocrx_word' id='word_1_57' title='bbox 927 953 1048 994; x_wconf 87' lang='lat' dir='ltr'><strong>murum</strong></span> <span class='ocrx_word' id='word_1_58' title='bbox 1064 941 1133 996; x_wconf 84' lang='lat' dir='ltr'><strong>aedi.</strong></span> 
     </span>
     <span class='ocr_line' id='line_1_8' title="bbox 74 1033 1132 1105; baseline -0.002 -15"><span class='ocrx_word' id='word_1_59' title='bbox 74 1035 242 1103; x_wconf 80' lang='lat' dir='ltr'><strong>ficetums,</strong></span> <span class='ocrx_word' id='word_1_60' title='bbox 261 1050 299 1088; x_wconf 85' lang='lat' dir='ltr'><strong>ne</strong></span> <span class='ocrx_word' id='word_1_61' title='bbox 318 1035 343 1089; x_wconf 88' lang='lat' dir='ltr'><strong>si</strong></span> <span class='ocrx_word' id='word_1_62' title='bbox 365 1035 450 1090; x_wconf 87' lang='lat' dir='ltr'><strong>alteri</strong></span> <span class='ocrx_word' id='word_1_63' title='bbox 467 1043 586 1090; x_wconf 87' lang='lat' dir='ltr'><strong>tantum</strong></span> <span class='ocrx_word' id='word_1_64' title='bbox 604 1033 689 1104; x_wconf 89' lang='lat' dir='ltr'><strong>operi</strong></span> <span class='ocrx_word' id='word_1_65' title='bbox 707 1049 757 1087; x_wconf 85' lang='lat' dir='ltr'><strong>me</strong></span> <span class='ocrx_word' id='word_1_66' title='bbox 776 1035 970 1105; x_wconf 79' lang='lat' dir='ltr'><strong>impendero,</strong></span> <span class='ocrx_word' id='word_1_67' title='bbox 990 1042 1132 1089; x_wconf 87' lang='lat' dir='ltr'><strong>neutrum</strong></span> 
     </span>
     <span class='ocr_line' id='line_1_9' title="bbox 75 1127 1132 1202; baseline -0.001 -17"><span class='ocrx_word' id='word_1_68' title='bbox 75 1130 260 1202; x_wconf 78' lang='lat' dir='ltr'><strong>implevero.</strong></span> <span class='ocrx_word' id='word_1_69' title='bbox 297 1127 427 1200; x_wconf 80' lang='lat' dir='ltr'><strong>Quando</strong></span> <span class='ocrx_word' id='word_1_70' title='bbox 453 1139 484 1185; x_wconf 91' lang='lat' dir='ltr'><strong>et</strong></span> <span class='ocrx_word' id='word_1_71' title='bbox 508 1129 710 1200; x_wconf 71' lang='lat' dir='ltr'><strong>Hieronymus</strong></span> <span class='ocrx_word' id='word_1_72' title='bbox 727 1127 821 1196; x_wconf 83' lang='lat' dir='ltr'><strong>dicit,</strong></span> <span class='ocrx_word' id='word_1_73' title='bbox 848 1137 965 1185; x_wconf 89' lang='lat' dir='ltr'><strong>tantum</strong></span> <span class='ocrx_word' id='word_1_74' title='bbox 986 1127 1132 1188; x_wconf 81' lang='lat' dir='ltr'><strong>Ecclesiae</strong></span> 
     </span>
     <span class='ocr_line' id='line_1_10' title="bbox 76 1221 1131 1298; baseline -0.002 -18"><span class='ocrx_word' id='word_1_75' title='bbox 76 1225 214 1285; x_wconf 79' lang='lat' dir='ltr'><strong>officere,</strong></span> <span class='ocrx_word' id='word_1_76' title='bbox 234 1225 285 1297; x_wconf 87' lang='lat' dir='ltr'><strong>qui</strong></span> <span class='ocrx_word' id='word_1_77' title='bbox 301 1223 479 1285; x_wconf 86' lang='lat' dir='ltr'><strong>adversariis</strong></span> <span class='ocrx_word' id='word_1_78' title='bbox 497 1240 559 1280; x_wconf 91' lang='lat' dir='ltr'><strong>non</strong></span> <span class='ocrx_word' id='word_1_79' title='bbox 578 1221 707 1284; x_wconf 85' lang='lat' dir='ltr'><strong>resistit,</strong></span> <span class='ocrx_word' id='word_1_80' title='bbox 726 1223 919 1294; x_wconf 85' lang='lat' dir='ltr'><strong>quantumin</strong></span> <span class='ocrx_word' id='word_1_81' title='bbox 940 1223 1031 1278; x_wconf 89' lang='lat' dir='ltr'><strong>altera</strong></span> <span class='ocrx_word' id='word_1_82' title='bbox 1050 1231 1131 1298; x_wconf 76' lang='lat' dir='ltr'><strong>parte</strong></span> 
     </span>
     <span class='ocr_line' id='line_1_11' title="bbox 77 1317 576 1396; baseline 0 -22"><span class='ocrx_word' id='word_1_83' title='bbox 77 1317 217 1374; x_wconf 76' lang='lat' dir='ltr'><strong>aedificat.</strong></span> <span class='ocrx_word' id='word_1_84' title='bbox 406 1385 410 1396; x_wconf 19' lang='grc' dir='ltr'><strong><em>ἢ</em></strong></span> <span class='ocrx_word' id='word_1_85' title='bbox 574 1371 576 1383; x_wconf 77' lang='grc'>,</span> 
     </span>
    </p>

    <p class='ocr_par' dir='ltr' id='par_1_3' title="bbox 45 1409 1132 1584">
     <span class='ocr_line' id='line_1_12' title="bbox 149 1409 1131 1486; baseline 0.004 -18"><span class='ocrx_word' id='word_1_86' title='bbox 149 1409 191 1468; x_wconf 88' lang='lat' dir='ltr'><strong>Et</strong></span> <span class='ocrx_word' id='word_1_87' title='bbox 215 1411 382 1484; x_wconf 82' lang='lat' dir='ltr'><strong>Apostolus</strong></span> <span class='ocrx_word' id='word_1_88' title='bbox 404 1412 546 1482; x_wconf 83' lang='lat' dir='ltr'><strong>mandat,</strong></span> <span class='ocrx_word' id='word_1_89' title='bbox 575 1421 609 1468; x_wconf 88' lang='lat' dir='ltr'><strong>ut</strong></span> <span class='ocrx_word' id='word_1_90' title='bbox 634 1413 795 1485; x_wconf 80' lang='lat' dir='ltr'><strong>episeopus</strong></span> <span class='ocrx_word' id='word_1_91' title='bbox 814 1431 880 1470; x_wconf 51' lang='lat' dir='ltr'><strong>¹non</strong></span> <span class='ocrx_word' id='word_1_92' title='bbox 903 1415 1003 1470; x_wconf 87' lang='lat' dir='ltr'><strong>solum</strong></span> <span class='ocrx_word' id='word_1_93' title='bbox 1023 1421 1131 1486; x_wconf 87' lang='lat' dir='ltr'><strong>potens</strong></span> 
     </span>
     <span class='ocr_line' id='line_1_13' title="bbox 45 1507 1132 1584; baseline 0 -20"><span class='ocrx_word' id='word_1_94' title='bbox 45 1567 53 1584; x_wconf 59' lang='grc'>,</span> <span class='ocrx_word' id='word_1_95' title='bbox 76 1508 121 1564; x_wconf 88' lang='lat' dir='ltr'><strong>sit</strong></span> <span class='ocrx_word' id='word_1_96' title='bbox 137 1507 295 1562; x_wconf 86' lang='lat' dir='ltr'><strong>exhortari</strong></span> <span class='ocrx_word' id='word_1_97' title='bbox 314 1508 344 1562; x_wconf 86' lang='lat' dir='ltr'><strong>in</strong></span> <span class='ocrx_word' id='word_1_98' title='bbox 363 1507 500 1562; x_wconf 86' lang='lat' dir='ltr'><strong>doctrina</strong></span> <span class='ocrx_word' id='word_1_99' title='bbox 518 1523 604 1576; x_wconf 86' lang='lat' dir='ltr'><strong>sana,</strong></span> <span class='ocrx_word' id='word_1_100' title='bbox 631 1509 684 1563; x_wconf 87' lang='lat' dir='ltr'><strong>sed</strong></span> <span class='ocrx_word' id='word_1_101' title='bbox 709 1517 740 1564; x_wconf 84' lang='lat' dir='ltr'><strong>et</strong></span> <span class='ocrx_word' id='word_1_102' title='bbox 765 1509 1008 1566; x_wconf 79' lang='lat' dir='ltr'><strong>contradicentes</strong></span> <span class='ocrx_word' id='word_1_103' title='bbox 1029 1509 1132 1564; x_wconf 70' lang='lat' dir='ltr'><strong>redar-</strong></span> 
     </span>
    </p>
   </div>
   <div class='ocr_carea' id='block_1_3' title="bbox 77 1577 1260 1679">
    <p class='ocr_par' dir='ltr' id='par_1_4' title="bbox 77 1577 1260 1679">
     <span class='ocr_line' id='line_1_14' title="bbox 77 1577 1260 1679; baseline 0.006 -24"><span class='ocrx_word' id='word_1_104' title='bbox 77 1617 184 1670; x_wconf 84' lang='lat' dir='ltr'><strong>guere.</strong></span> <span class='ocrx_word' id='word_1_105' title='bbox 227 1601 300 1656; x_wconf 93' lang='lat' dir='ltr'><strong>Non</strong></span> <span class='ocrx_word' id='word_1_106' title='bbox 320 1602 400 1679; x_wconf 78' lang='lat' dir='ltr'><strong>quod</strong></span> <span class='ocrx_word' id='word_1_107' title='bbox 418 1617 467 1656; x_wconf 90' lang='lat' dir='ltr'><strong>me</strong></span> <span class='ocrx_word' id='word_1_108' title='bbox 486 1603 660 1676; x_wconf 87' lang='lat' dir='ltr'><strong>episcopum</strong></span> <span class='ocrx_word' id='word_1_109' title='bbox 681 1619 747 1658; x_wconf 84' lang='lat' dir='ltr'><strong>esse</strong></span> <span class='ocrx_word' id='word_1_110' title='bbox 769 1604 919 1674; x_wconf 88' lang='lat' dir='ltr'><strong>arbitrer,</strong></span> <span class='ocrx_word' id='word_1_111' title='bbox 944 1621 1013 1658; x_wconf 90' lang='lat' dir='ltr'><strong>cum</strong></span> <span class='ocrx_word' id='word_1_112' title='bbox 1033 1604 1132 1660; x_wconf 85' lang='lat' dir='ltr'><strong>desint</strong></span> <span class='ocrx_word' id='word_1_113' title='bbox 1210 1669 1214 1676; x_wconf 43' lang='lat'>‚</span> <span class='ocrx_word' id='word_1_114' title='bbox 1247 1577 1260 1670; x_wconf 35' lang='lat'><strong>.-</strong></span> 
     </span>
    </p>
   </div>
   <div class='ocr_carea' id='block_1_4' title="bbox 75 1693 1204 3272">
    <p class='ocr_par' dir='ltr' id='par_1_5' title="bbox 75 1693 1204 3272">
     <span class='ocr_line' id='line_1_15' title="bbox 77 1693 1139 1770; baseline 0.004 -21"><span class='ocrx_word' id='word_1_115' title='bbox 77 1703 110 1750; x_wconf 88' lang='lat' dir='ltr'><strong>et</strong></span> <span class='ocrx_word' id='word_1_116' title='bbox 130 1710 204 1766; x_wconf 85' lang='lat' dir='ltr'><strong>opes</strong></span> <span class='ocrx_word' id='word_1_117' title='bbox 223 1703 254 1750; x_wconf 87' lang='lat' dir='ltr'><strong>et</strong></span> <span class='ocrx_word' id='word_1_118' title='bbox 270 1693 379 1758; x_wconf 84' lang='lat' dir='ltr'><strong>infula,</strong></span> <span class='ocrx_word' id='word_1_119' title='bbox 396 1695 504 1767; x_wconf 85' lang='lat' dir='ltr'><strong>quibus</strong></span> <span class='ocrx_word' id='word_1_120' title='bbox 522 1695 614 1752; x_wconf 87' lang='lat' dir='ltr'><strong>hodie</strong></span> <span class='ocrx_word' id='word_1_121' title='bbox 633 1707 753 1753; x_wconf 87' lang='lat' dir='ltr'><strong>constat</strong></span> <span class='ocrx_word' id='word_1_122' title='bbox 772 1698 1028 1769; x_wconf 72' lang='lat' dir='ltr'><strong>episcopus:‚ssd</strong></span> <span class='ocrx_word' id='word_1_123' title='bbox 1048 1693 1139 1770; x_wconf 84' lang='lat' dir='ltr'><strong>quod</strong></span> 
     </span>
     <span class='ocr_line' id='line_1_16' title="bbox 77 1781 1204 1862; baseline 0.002 -18"><span class='ocrx_word' id='word_1_124' title='bbox 77 1788 212 1844; x_wconf 87' lang='lat' dir='ltr'><strong>officium</strong></span> <span class='ocrx_word' id='word_1_125' title='bbox 237 1787 323 1844; x_wconf 88' lang='lat' dir='ltr'><strong>verbi</strong></span> <span class='ocrx_word' id='word_1_126' title='bbox 349 1788 399 1860; x_wconf 92' lang='lat' dir='ltr'><strong>qui</strong></span> <span class='ocrx_word' id='word_1_127' title='bbox 425 1789 547 1860; x_wconf 83' lang='lat' dir='ltr'><strong>impiet,</strong></span> <span class='ocrx_word' id='word_1_128' title='bbox 573 1791 707 1862; x_wconf 85' lang='lat' dir='ltr'><strong>episcopi</strong></span> <span class='ocrx_word' id='word_1_129' title='bbox 732 1791 864 1846; x_wconf 85' lang='lat' dir='ltr'><strong>officinm</strong></span> <span class='ocrx_word' id='word_1_130' title='bbox 889 1792 1011 1861; x_wconf 89' lang='lat' dir='ltr'><strong>implet,</strong></span> <span class='ocrx_word' id='word_1_131' title='bbox 1039 1805 1130 1860; x_wconf 85' lang='lat' dir='ltr'><strong>quern</strong></span> <span class='ocrx_word' id='word_1_132' title='bbox 1200 1781 1204 1786; x_wconf 73' lang='grc'><strong>’</strong></span> 
     </span>
     <span class='ocr_line' id='line_1_17' title="bbox 77 1881 1190 1955; baseline 0.004 -16"><span class='ocrx_word' id='word_1_133' title='bbox 77 1891 205 1954; x_wconf 83' lang='lat' dir='ltr'><strong>oportet</strong></span> <span class='ocrx_word' id='word_1_134' title='bbox 231 1899 297 1938; x_wconf 88' lang='lat' dir='ltr'><strong>esse</strong></span> <span class='ocrx_word' id='word_1_135' title='bbox 323 1883 547 1938; x_wconf 85' lang='lat' dir='ltr'><strong>ambidextrum</strong></span> <span class='ocrx_word' id='word_1_136' title='bbox 573 1881 684 1950; x_wconf 87' lang='lat' dir='ltr'><strong>Ehud,</strong></span> <span class='ocrx_word' id='word_1_137' title='bbox 714 1892 745 1938; x_wconf 89' lang='lat' dir='ltr'><strong>et</strong></span> <span class='ocrx_word' id='word_1_138' title='bbox 766 1883 993 1955; x_wconf 86' lang='lat' dir='ltr'><strong>pinguissimum</strong></span> <span class='ocrx_word' id='word_1_139' title='bbox 1013 1886 1130 1955; x_wconf 87' lang='lat' dir='ltr'><strong>lteglon</strong></span> <span class='ocrx_word' id='word_1_140' title='bbox 1187 1881 1190 1895; x_wconf 60' lang='lat'><strong><em>¹</em></strong></span> 
     </span>
     <span class='ocr_line' id='line_1_18' title="bbox 76 1975 1131 2050; baseline 0.003 -17"><span class='ocrx_word' id='word_1_141' title='bbox 76 1978 198 2033; x_wconf 85' lang='lat' dir='ltr'><strong>sinistra</strong></span> <span class='ocrx_word' id='word_1_142' title='bbox 216 1977 330 2036; x_wconf 83' lang='lat' dir='ltr'><strong>beliaco</strong></span> <span class='ocrx_word' id='word_1_143' title='bbox 349 1977 540 2050; x_wconf 86' lang='lat' dir='ltr'><strong>temporique</strong></span> <span class='ocrx_word' id='word_1_144' title='bbox 556 1976 626 2032; x_wconf 83' lang='lat' dir='ltr'><strong>belli</strong></span> <span class='ocrx_word' id='word_1_145' title='bbox 646 1986 766 2050; x_wconf 83' lang='lat' dir='ltr'><strong>parata,</strong></span> <span class='ocrx_word' id='word_1_146' title='bbox 784 1977 877 2035; x_wconf 81' lang='lat' dir='ltr'><strong>infixo</strong></span> <span class='ocrx_word' id='word_1_147' title='bbox 895 1975 1036 2049; x_wconf 53' lang='lat' dir='ltr'><strong>pugione*</strong></span> <span class='ocrx_word' id='word_1_148' title='bbox 1047 1980 1131 2036; x_wconf 91' lang='lat' dir='ltr'><strong>occi.</strong></span> 
     </span>
     <span class='ocr_line' id='line_1_19' title="bbox 78 2061 1167 2140; baseline 0.002 -13"><span class='ocrx_word' id='word_1_149' title='bbox 78 2072 164 2127; x_wconf 87' lang='lat' dir='ltr'><strong>dere.</strong></span> <span class='ocrx_word' id='word_1_150' title='bbox 188 2070 238 2132; x_wconf 74' lang='lat' dir='ltr'><strong>Et</strong></span> <span class='ocrx_word' id='word_1_151' title='bbox 259 2087 316 2140; x_wconf 82' lang='lat' dir='ltr'><strong>ego</strong></span> <span class='ocrx_word' id='word_1_152' title='bbox 335 2072 365 2126; x_wconf 90' lang='lat' dir='ltr'><strong>in</strong></span> <span class='ocrx_word' id='word_1_153' title='bbox 386 2071 493 2126; x_wconf 87' lang='lat' dir='ltr'><strong>mediis</strong></span> <span class='ocrx_word' id='word_1_154' title='bbox 512 2072 630 2140; x_wconf 77' lang='lat' dir='ltr'><strong>gladiis,</strong></span> <span class='ocrx_word' id='word_1_155' title='bbox 649 2069 754 2139; x_wconf 87' lang='lat' dir='ltr'><strong>bullis,</strong></span> <span class='ocrx_word' id='word_1_156' title='bbox 772 2071 851 2128; x_wconf 88' lang='lat' dir='ltr'><strong>tubis</strong></span> <span class='ocrx_word' id='word_1_157' title='bbox 870 2083 900 2128; x_wconf 87' lang='lat' dir='ltr'><strong>et</strong></span> <span class='ocrx_word' id='word_1_158' title='bbox 919 2073 1052 2128; x_wconf 82' lang='lat' dir='ltr'><strong>classicis</strong></span> <span class='ocrx_word' id='word_1_159' title='bbox 1071 2073 1130 2129; x_wconf 88' lang='lat' dir='ltr'><strong>Pa.</strong></span> <span class='ocrx_word' id='word_1_160' title='bbox 1163 2061 1167 2074; x_wconf 57' lang='lat'>⁸</span> 
     </span>
     <span class='ocr_line' id='line_1_20' title="bbox 76 2163 1180 2238; baseline 0.003 -18"><span class='ocrx_word' id='word_1_161' title='bbox 76 2167 241 2237; x_wconf 86' lang='lat' dir='ltr'><strong>pistarnm,</strong></span> <span class='ocrx_word' id='word_1_162' title='bbox 265 2163 377 2220; x_wconf 79' lang='lat' dir='ltr'><strong>trustra</strong></span> <span class='ocrx_word' id='word_1_163' title='bbox 394 2181 443 2220; x_wconf 90' lang='lat' dir='ltr'><strong>me</strong></span> <span class='ocrx_word' id='word_1_164' title='bbox 461 2163 661 2232; x_wconf 88' lang='lat' dir='ltr'><strong>terrentibus,</strong></span> <span class='ocrx_word' id='word_1_165' title='bbox 686 2165 839 2223; x_wconf 87' lang='lat' dir='ltr'><strong>animosus</strong></span> <span class='ocrx_word' id='word_1_166' title='bbox 857 2173 1046 2236; x_wconf 85' lang='lat' dir='ltr'><strong>contemtor,</strong></span> <span class='ocrx_word' id='word_1_167' title='bbox 1075 2183 1129 2238; x_wconf 87' lang='lat' dir='ltr'><strong>per</strong></span> <span class='ocrx_word' id='word_1_168' title='bbox 1172 2175 1180 2188; x_wconf 84' lang='grc'><strong>“</strong></span> 
     </span>
     <span class='ocr_line' id='line_1_21' title="bbox 75 2259 1129 2332; baseline 0.005 -17"><span class='ocrx_word' id='word_1_169' title='bbox 75 2259 139 2315; x_wconf 83' lang='lat' dir='ltr'><strong>Dei</strong></span> <span class='ocrx_word' id='word_1_170' title='bbox 162 2259 310 2328; x_wconf 85' lang='lat' dir='ltr'><strong>gratiam,</strong></span> <span class='ocrx_word' id='word_1_171' title='bbox 337 2259 421 2331; x_wconf 80' lang='lat' dir='ltr'><strong>pacis</strong></span> <span class='ocrx_word' id='word_1_172' title='bbox 447 2259 532 2332; x_wconf 83' lang='lat' dir='ltr'><strong>operi</strong></span> <span class='ocrx_word' id='word_1_173' title='bbox 555 2261 717 2329; x_wconf 84' lang='lat' dir='ltr'><strong>accingor,</strong></span> <span class='ocrx_word' id='word_1_174' title='bbox 748 2271 778 2316; x_wconf 87' lang='lat' dir='ltr'><strong>et</strong></span> <span class='ocrx_word' id='word_1_175' title='bbox 802 2263 1008 2319; x_wconf 78' lang='lat' dir='ltr'><strong>enarrationes</strong></span> <span class='ocrx_word' id='word_1_176' title='bbox 1033 2279 1049 2316; x_wconf 84' lang='lat' dir='ltr'><strong>a</strong></span> <span class='ocrx_word' id='word_1_177' title='bbox 1076 2272 1129 2320; x_wconf 85' lang='lat' dir='ltr'><strong>tua</strong></span> 
     </span>
     <span class='ocr_line' id='line_1_22' title="bbox 79 2353 1128 2436; baseline 0.006 -28"><span class='ocrx_word' id='word_1_178' title='bbox 79 2353 262 2408; x_wconf 86' lang='lat' dir='ltr'><strong>Celsitndine</strong></span> <span class='ocrx_word' id='word_1_179' title='bbox 286 2355 415 2424; x_wconf 85' lang='lat' dir='ltr'><strong>petitas,</strong></span> <span class='ocrx_word' id='word_1_180' title='bbox 439 2353 469 2408; x_wconf 94' lang='lat' dir='ltr'><strong>in</strong></span> <span class='ocrx_word' id='word_1_181' title='bbox 488 2370 594 2409; x_wconf 87' lang='lat' dir='ltr'><strong>manus</strong></span> <span class='ocrx_word' id='word_1_182' title='bbox 614 2355 740 2436; x_wconf 78' lang='lat' dir='ltr'><strong>accipio.</strong></span> <span class='ocrx_word' id='word_1_183' title='bbox 777 2353 859 2428; x_wconf 76' lang='lat' dir='ltr'><strong>Quid</strong></span> <span class='ocrx_word' id='word_1_184' title='bbox 880 2355 958 2411; x_wconf 86' lang='lat' dir='ltr'><strong>enim</strong></span> <span class='ocrx_word' id='word_1_185' title='bbox 976 2373 1037 2422; x_wconf 84' lang='lat' dir='ltr'><strong>non</strong></span> <span class='ocrx_word' id='word_1_186' title='bbox 1057 2373 1128 2428; x_wconf 91' lang='lat' dir='ltr'><strong>pos.</strong></span> 
     </span>
     <span class='ocr_line' id='line_1_23' title="bbox 76 2447 1127 2522; baseline 0.003 -18"><span class='ocrx_word' id='word_1_187' title='bbox 76 2448 134 2522; x_wconf 85' lang='lat' dir='ltr'><strong>sim</strong></span> <span class='ocrx_word' id='word_1_188' title='bbox 159 2447 189 2502; x_wconf 91' lang='lat' dir='ltr'><strong>in</strong></span> <span class='ocrx_word' id='word_1_189' title='bbox 216 2463 275 2515; x_wconf 89' lang='lat' dir='ltr'><strong>ao,</strong></span> <span class='ocrx_word' id='word_1_190' title='bbox 302 2447 352 2519; x_wconf 84' lang='lat' dir='ltr'><strong>qni</strong></span> <span class='ocrx_word' id='word_1_191' title='bbox 371 2464 420 2502; x_wconf 90' lang='lat' dir='ltr'><strong>me</strong></span> <span class='ocrx_word' id='word_1_192' title='bbox 439 2449 620 2506; x_wconf 75' lang='lat' dir='ltr'><strong>confortat?</strong></span> <span class='ocrx_word' id='word_1_193' title='bbox 647 2449 675 2504; x_wconf 86' lang='lat' dir='ltr'><strong>Si</strong></span> <span class='ocrx_word' id='word_1_194' title='bbox 696 2449 778 2505; x_wconf 82' lang='lat' dir='ltr'><strong>vires</strong></span> <span class='ocrx_word' id='word_1_195' title='bbox 798 2465 881 2506; x_wconf 83' lang='lat' dir='ltr'><strong>meas</strong></span> <span class='ocrx_word' id='word_1_196' title='bbox 899 2451 998 2506; x_wconf 87' lang='lat' dir='ltr'><strong>metiri</strong></span> <span class='ocrx_word' id='word_1_197' title='bbox 1018 2453 1127 2521; x_wconf 82' lang='lat' dir='ltr'><strong>velint,</strong></span> 
     </span>
     <span class='ocr_line' id='line_1_24' title="bbox 75 2541 1128 2616; baseline 0.001 -20"><span class='ocrx_word' id='word_1_198' title='bbox 75 2557 113 2596; x_wconf 85' lang='lat' dir='ltr'><strong>ne</strong></span> <span class='ocrx_word' id='word_1_199' title='bbox 133 2542 183 2596; x_wconf 90' lang='lat' dir='ltr'><strong>uni</strong></span> <span class='ocrx_word' id='word_1_200' title='bbox 204 2542 325 2611; x_wconf 88' lang='lat' dir='ltr'><strong>quidem</strong></span> <span class='ocrx_word' id='word_1_201' title='bbox 345 2541 494 2598; x_wconf 87' lang='lat' dir='ltr'><strong>Psalterio</strong></span> <span class='ocrx_word' id='word_1_202' title='bbox 514 2560 564 2599; x_wconf 93' lang='lat' dir='ltr'><strong>me</strong></span> <span class='ocrx_word' id='word_1_203' title='bbox 585 2546 752 2613; x_wconf 83' lang='lat' dir='ltr'><strong>traderem,</strong></span> <span class='ocrx_word' id='word_1_204' title='bbox 772 2545 861 2600; x_wconf 89' lang='lat' dir='ltr'><strong>etiam</strong></span> <span class='ocrx_word' id='word_1_205' title='bbox 881 2546 993 2616; x_wconf 86' lang='lat' dir='ltr'><strong>septies</strong></span> <span class='ocrx_word' id='word_1_206' title='bbox 1011 2541 1128 2600; x_wconf 84' lang='lat' dir='ltr'><strong>Luthe.</strong></span> 
     </span>
     <span class='ocr_line' id='line_1_25' title="bbox 75 2636 1126 2710; baseline 0.003 -20"><span class='ocrx_word' id='word_1_207' title='bbox 75 2653 146 2692; x_wconf 85' lang='lat' dir='ltr'><strong>rns:</strong></span> <span class='ocrx_word' id='word_1_208' title='bbox 172 2644 289 2695; x_wconf 87' lang='lat' dir='ltr'><strong>tantum</strong></span> <span class='ocrx_word' id='word_1_209' title='bbox 314 2636 408 2706; x_wconf 82' lang='lat' dir='ltr'><strong>exigit</strong></span> <span class='ocrx_word' id='word_1_210' title='bbox 433 2637 458 2692; x_wconf 86' lang='lat' dir='ltr'><strong>is</strong></span> <span class='ocrx_word' id='word_1_211' title='bbox 476 2637 554 2694; x_wconf 87' lang='lat' dir='ltr'><strong>liber</strong></span> <span class='ocrx_word' id='word_1_212' title='bbox 571 2639 700 2709; x_wconf 83' lang='lat' dir='ltr'><strong>ingenii,</strong></span> <span class='ocrx_word' id='word_1_213' title='bbox 727 2637 925 2705; x_wconf 87' lang='lat' dir='ltr'><strong>eruditionis,</strong></span> <span class='ocrx_word' id='word_1_214' title='bbox 951 2638 1126 2710; x_wconf 75' lang='lat' dir='ltr'><strong>diligentie,</strong></span> 
     </span>
     <span class='ocr_line' id='line_1_26' title="bbox 77 2717 1127 2803; baseline 0.005 -18"><span class='ocrx_word' id='word_1_215' title='bbox 77 2729 201 2800; x_wconf 88' lang='lat' dir='ltr'><strong>spiritus</strong></span> <span class='ocrx_word' id='word_1_216' title='bbox 218 2737 248 2784; x_wconf 91' lang='lat' dir='ltr'><strong>et</strong></span> <span class='ocrx_word' id='word_1_217' title='bbox 267 2730 382 2798; x_wconf 80' lang='lat' dir='ltr'><strong>gratiae,</strong></span> <span class='ocrx_word' id='word_1_218' title='bbox 400 2739 434 2786; x_wconf 84' lang='lat' dir='ltr'><strong>ut</strong></span> <span class='ocrx_word' id='word_1_219' title='bbox 451 2741 567 2788; x_wconf 86' lang='lat' dir='ltr'><strong>taceam</strong></span> <span class='ocrx_word' id='word_1_220' title='bbox 585 2733 709 2803; x_wconf 84' lang='lat' dir='ltr'><strong>geminae</strong></span> <span class='ocrx_word' id='word_1_221' title='bbox 728 2731 885 2786; x_wconf 90' lang='lat' dir='ltr'><strong>concionis</strong></span> <span class='ocrx_word' id='word_1_222' title='bbox 902 2717 1023 2786; x_wconf 80' lang='lat' dir='ltr'><strong>munus.</strong></span> <span class='ocrx_word' id='word_1_223' title='bbox 1047 2730 1127 2790; x_wconf 85' lang='lat' dir='ltr'><strong>Nam</strong></span> 
     </span>
     <span class='ocr_line' id='line_1_27' title="bbox 79 2819 1086 2898; baseline 0.002 -20"><span class='ocrx_word' id='word_1_224' title='bbox 79 2825 116 2878; x_wconf 88' lang='lat' dir='ltr'><strong>de</strong></span> <span class='ocrx_word' id='word_1_225' title='bbox 135 2823 199 2879; x_wconf 85' lang='lat' dir='ltr'><strong>altis</strong></span> <span class='ocrx_word' id='word_1_226' title='bbox 216 2819 464 2898; x_wconf 84' lang='lat' dir='ltr'><strong>occupationibus</strong></span> <span class='ocrx_word' id='word_1_227' title='bbox 483 2836 570 2882; x_wconf 82' lang='lat' dir='ltr'><strong>extra</strong></span> <span class='ocrx_word' id='word_1_228' title='bbox 589 2826 674 2882; x_wconf 84' lang='lat' dir='ltr'><strong>verbi</strong></span> <span class='ocrx_word' id='word_1_229' title='bbox 693 2823 893 2879; x_wconf 83' lang='lat' dir='ltr'><strong>ministerium</strong></span> <span class='ocrx_word' id='word_1_230' title='bbox 913 2823 985 2878; x_wconf 88' lang='lat' dir='ltr'><strong>nihil</strong></span> <span class='ocrx_word' id='word_1_231' title='bbox 1005 2825 1086 2880; x_wconf 91' lang='lat' dir='ltr'><strong>dico.</strong></span> 
     </span>
     <span class='ocr_line' id='line_1_28' title="bbox 147 2917 1127 2990; baseline -0.002 -18"><span class='ocrx_word' id='word_1_232' title='bbox 147 2917 264 2973; x_wconf 84' lang='lat' dir='ltr'><strong>Vereor</strong></span> <span class='ocrx_word' id='word_1_233' title='bbox 285 2929 402 2988; x_wconf 87' lang='lat' dir='ltr'><strong>nutem,</strong></span> <span class='ocrx_word' id='word_1_234' title='bbox 426 2936 463 2974; x_wconf 87' lang='lat' dir='ltr'><strong>ne</strong></span> <span class='ocrx_word' id='word_1_235' title='bbox 484 2921 546 2976; x_wconf 85' lang='lat' dir='ltr'><strong>hoc</strong></span> <span class='ocrx_word' id='word_1_236' title='bbox 566 2919 668 2988; x_wconf 86' lang='lat' dir='ltr'><strong>operis</strong></span> <span class='ocrx_word' id='word_1_237' title='bbox 685 2919 774 2986; x_wconf 82' lang='lat' dir='ltr'><strong>longe</strong></span> <span class='ocrx_word' id='word_1_238' title='bbox 793 2917 837 2990; x_wconf 82' lang='lat' dir='ltr'><strong>ait¹</strong></span> <span class='ocrx_word' id='word_1_239' title='bbox 855 2917 991 2972; x_wconf 71' lang='lat' dir='ltr'><strong>intusum</strong></span> <span class='ocrx_word' id='word_1_240' title='bbox 1008 2934 1061 2989; x_wconf 88' lang='lat' dir='ltr'><strong>spe</strong></span> <span class='ocrx_word' id='word_1_241' title='bbox 1083 2919 1127 2974; x_wconf 91' lang='lat' dir='ltr'><strong>in.</strong></span> 
     </span>
     <span class='ocr_line' id='line_1_29' title="bbox 79 3011 1127 3074; baseline 0 -7"><span class='ocrx_word' id='word_1_242' title='bbox 79 3013 181 3069; x_wconf 84' lang='lat' dir='ltr'><strong>terius.</strong></span> <span class='ocrx_word' id='word_1_243' title='bbox 219 3011 294 3074; x_wconf 84' lang='lat' dir='ltr'><strong>Ctun</strong></span> <span class='ocrx_word' id='word_1_244' title='bbox 315 3015 393 3068; x_wconf 84' lang='lat' dir='ltr'><strong>enirn</strong></span> <span class='ocrx_word' id='word_1_245' title='bbox 412 3013 485 3070; x_wconf 85' lang='lat' dir='ltr'><strong>nihil</strong></span> <span class='ocrx_word' id='word_1_246' title='bbox 502 3013 541 3068; x_wconf 85' lang='lat' dir='ltr'><strong>sit</strong></span> <span class='ocrx_word' id='word_1_247' title='bbox 560 3014 692 3067; x_wconf 88' lang='lat' dir='ltr'><strong>sanctius</strong></span> <span class='ocrx_word' id='word_1_248' title='bbox 713 3013 743 3066; x_wconf 92' lang='lat' dir='ltr'><strong>in</strong></span> <span class='ocrx_word' id='word_1_249' title='bbox 762 3011 897 3068; x_wconf 86' lang='lat' dir='ltr'><strong>emnium</strong></span> <span class='ocrx_word' id='word_1_250' title='bbox 916 3013 1009 3067; x_wconf 91' lang='lat' dir='ltr'><strong>corde</strong></span> <span class='ocrx_word' id='word_1_251' title='bbox 1027 3011 1127 3067; x_wconf 88' lang='lat' dir='ltr'><strong>Evan.</strong></span> 
     </span>
     <span class='ocr_line' id='line_1_30' title="bbox 78 3105 1126 3178; baseline 0.002 -17"><span class='ocrx_word' id='word_1_252' title='bbox 78 3107 144 3176; x_wconf 81' lang='lat' dir='ltr'><strong>getii</strong></span> <span class='ocrx_word' id='word_1_253' title='bbox 169 3107 333 3178; x_wconf 90' lang='lat' dir='ltr'><strong>opinione,</strong></span> <span class='ocrx_word' id='word_1_254' title='bbox 359 3109 449 3177; x_wconf 87' lang='lat' dir='ltr'><strong>idque</strong></span> <span class='ocrx_word' id='word_1_255' title='bbox 470 3106 581 3162; x_wconf 85' lang='lat' dir='ltr'><strong>merito</strong></span> <span class='ocrx_word' id='word_1_256' title='bbox 594 3139 609 3168; x_wconf 81' lang='lat'><strong>..</strong></span> <span class='ocrx_word' id='word_1_257' title='bbox 626 3107 722 3176; x_wconf 85' lang='lat' dir='ltr'><strong>-cujus</strong></span> <span class='ocrx_word' id='word_1_258' title='bbox 740 3105 893 3176; x_wconf 78' lang='lat' dir='ltr'><strong>&#39;majestas</strong></span> <span class='ocrx_word' id='word_1_259' title='bbox 914 3105 1126 3164; x_wconf 82' lang='lat' dir='ltr'><strong>inaestimabilis</strong></span> 
     </span>
     <span class='ocr_line' id='line_1_31' title="bbox 79 3197 1127 3272; baseline -0.002 -16"><span class='ocrx_word' id='word_1_260' title='bbox 79 3202 165 3270; x_wconf 85' lang='lat' dir='ltr'><strong>digne</strong></span> <span class='ocrx_word' id='word_1_261' title='bbox 184 3211 235 3266; x_wconf 37' lang='lat' dir='ltr'><strong>est,</strong></span> <span class='ocrx_word' id='word_1_262' title='bbox 250 3201 419 3256; x_wconf 80' lang='lat' dir='ltr'><strong>adoranda:</strong></span> <span class='ocrx_word' id='word_1_263' title='bbox 437 3199 650 3272; x_wconf 73' lang='lat' dir='ltr'><strong>expectabitur</strong></span> <span class='ocrx_word' id='word_1_264' title='bbox 669 3202 749 3255; x_wconf 82' lang='lat' dir='ltr'><strong>forte</strong></span> <span class='ocrx_word' id='word_1_265' title='bbox 770 3217 786 3254; x_wconf 87' lang='lat' dir='ltr'><strong>a</strong></span> <span class='ocrx_word' id='word_1_266' title='bbox 804 3199 907 3254; x_wconf 87' lang='lat' dir='ltr'><strong>multis</strong></span> <span class='ocrx_word' id='word_1_267' title='bbox 928 3199 1014 3270; x_wconf 85' lang='lat' dir='ltr'><strong>digna</strong></span> <span class='ocrx_word' id='word_1_268' title='bbox 1027 3197 1127 3256; x_wconf 86' lang='lat' dir='ltr'><strong>Evan.</strong></span> 
     </span>
    </p>
   </div>
   <div class='ocr_carea' id='block_1_5' title="bbox 12 3291 1210 3744">
    <p class='ocr_par' dir='ltr' id='par_1_6' title="bbox 12 3291 1210 3744">
     <span class='ocr_line' id='line_1_32' title="bbox 80 3291 1127 3369; baseline -0.001 -19"><span class='ocrx_word' id='word_1_269' title='bbox 80 3297 155 3365; x_wconf 87' lang='lat' dir='ltr'><strong>gelio</strong></span> <span class='ocrx_word' id='word_1_270' title='bbox 179 3296 347 3369; x_wconf 78' lang='lat' dir='ltr'><strong>enarratio,</strong></span> <span class='ocrx_word' id='word_1_271' title='bbox 379 3305 409 3350; x_wconf 90' lang='lat' dir='ltr'><strong>et</strong></span> <span class='ocrx_word' id='word_1_272' title='bbox 436 3296 626 3350; x_wconf 83' lang='lat' dir='ltr'><strong>ementium</strong></span> <span class='ocrx_word' id='word_1_273' title='bbox 650 3305 738 3366; x_wconf 84' lang='lat' dir='ltr'><strong>partu</strong></span> <span class='ocrx_word' id='word_1_274' title='bbox 762 3309 829 3348; x_wconf 90' lang='lat' dir='ltr'><strong>mus</strong></span> <span class='ocrx_word' id='word_1_275' title='bbox 852 3293 973 3348; x_wconf 85' lang='lat' dir='ltr'><strong>tandem</strong></span> <span class='ocrx_word' id='word_1_276' title='bbox 999 3291 1063 3363; x_wconf 84' lang='lat' dir='ltr'><strong>fiet,</strong></span> <span class='ocrx_word' id='word_1_277' title='bbox 1095 3303 1127 3350; x_wconf 87' lang='lat' dir='ltr'><strong>et</strong></span> 
     </span>
     <span class='ocr_line' id='line_1_33' title="bbox 80 3385 1127 3462; baseline -0.003 -16"><span class='ocrx_word' id='word_1_278' title='bbox 80 3399 229 3462; x_wconf 90' lang='lat' dir='ltr'><strong>concepto</strong></span> <span class='ocrx_word' id='word_1_279' title='bbox 253 3391 361 3446; x_wconf 83' lang='lat' dir='ltr'><strong>ardore</strong></span> <span class='ocrx_word' id='word_1_280' title='bbox 391 3389 527 3460; x_wconf 90' lang='lat' dir='ltr'><strong>stipulam</strong></span> <span class='ocrx_word' id='word_1_281' title='bbox 553 3389 684 3460; x_wconf 57' lang='lat' dir='ltr'><strong>pariana*</strong></span> <span class='ocrx_word' id='word_1_282' title='bbox 722 3385 794 3442; x_wconf 91' lang='lat' dir='ltr'><strong>Non</strong></span> <span class='ocrx_word' id='word_1_283' title='bbox 825 3389 862 3441; x_wconf 87' lang='lat' dir='ltr'><strong>da</strong></span> <span class='ocrx_word' id='word_1_284' title='bbox 894 3387 1065 3458; x_wconf 85' lang='lat' dir='ltr'><strong>eloquentia</strong></span> <span class='ocrx_word' id='word_1_285' title='bbox 1096 3397 1127 3443; x_wconf 85' lang='lat' dir='ltr'><strong>et</strong></span> 
     </span>
     <span class='ocr_line' id='line_1_34' title="bbox 12 3475 1210 3552; baseline -0.004 -12"><span class='ocrx_word' id='word_1_286' title='bbox 12 3475 23 3493; x_wconf 83' lang='lat'><strong><em>¹</em></strong></span> <span class='ocrx_word' id='word_1_287' title='bbox 79 3483 175 3542; x_wconf 87' lang='lat' dir='ltr'><strong>Latini</strong></span> <span class='ocrx_word' id='word_1_288' title='bbox 194 3485 343 3540; x_wconf 86' lang='lat' dir='ltr'><strong>sermonis</strong></span> <span class='ocrx_word' id='word_1_289' title='bbox 362 3481 505 3552; x_wconf 79' lang='lat' dir='ltr'><strong>elegantia</strong></span> <span class='ocrx_word' id='word_1_290' title='bbox 527 3481 607 3538; x_wconf 88' lang='lat' dir='ltr'><strong>dico.</strong></span> <span class='ocrx_word' id='word_1_291' title='bbox 646 3481 727 3536; x_wconf 88' lang='lat' dir='ltr'><strong>Nam</strong></span> <span class='ocrx_word' id='word_1_292' title='bbox 749 3481 857 3536; x_wconf 80' lang='lat' dir='ltr'><strong>haruin</strong></span> <span class='ocrx_word' id='word_1_293' title='bbox 880 3495 983 3535; x_wconf 88' lang='lat' dir='ltr'><strong>rerum</strong></span> <span class='ocrx_word' id='word_1_294' title='bbox 1003 3489 1036 3533; x_wconf 87' lang='lat' dir='ltr'><strong>ut</strong></span> <span class='ocrx_word' id='word_1_295' title='bbox 1059 3495 1127 3535; x_wconf 86' lang='lat' dir='ltr'><strong>sum</strong></span> <span class='ocrx_word' id='word_1_296' title='bbox 1203 3475 1210 3496; x_wconf 66' lang='lat'>⁸</span> 
     </span>
     <span class='ocr_line' id='line_1_35' title="bbox 80 3574 1127 3650; baseline -0.002 -17"><span class='ocrx_word' id='word_1_297' title='bbox 80 3578 257 3650; x_wconf 62' lang='lat' dir='ltr'><strong>superisne.</strong></span> <span class='ocrx_word' id='word_1_298' title='bbox 290 3578 332 3634; x_wconf 88' lang='lat' dir='ltr'><strong>ita</strong></span> <span class='ocrx_word' id='word_1_299' title='bbox 356 3577 460 3650; x_wconf 88' lang='lat' dir='ltr'><strong>peritis</strong></span> <span class='ocrx_word' id='word_1_300' title='bbox 493 3593 619 3648; x_wconf 90' lang='lat' dir='ltr'><strong>prorsus</strong></span> <span class='ocrx_word' id='word_1_301' title='bbox 646 3592 707 3630; x_wconf 89' lang='lat' dir='ltr'><strong>non</strong></span> <span class='ocrx_word' id='word_1_302' title='bbox 742 3574 808 3630; x_wconf 85' lang='lat' dir='ltr'><strong>haec</strong></span> <span class='ocrx_word' id='word_1_303' title='bbox 843 3574 970 3642; x_wconf 86' lang='lat' dir='ltr'><strong>laboro,</strong></span> <span class='ocrx_word' id='word_1_304' title='bbox 1005 3575 1127 3632; x_wconf 66' lang='lat' dir='ltr'><strong>sedne</strong></span> 
     </span>
     <span class='ocr_line' id='line_1_36' title="bbox 81 3669 1128 3744; baseline -0.002 -16"><span class='ocrx_word' id='word_1_305' title='bbox 81 3673 169 3742; x_wconf 78' lang='lat' dir='ltr'><strong>vulgo</strong></span> <span class='ocrx_word' id='word_1_306' title='bbox 185 3670 220 3741; x_wconf 78' lang='lat'><strong>⁸)</strong></span> <span class='ocrx_word' id='word_1_307' title='bbox 245 3680 276 3732; x_wconf 89' lang='lat' dir='ltr'><strong>at</strong></span> <span class='ocrx_word' id='word_1_308' title='bbox 294 3671 348 3740; x_wconf 83' lang='lat' dir='ltr'><strong>iis,</strong></span> <span class='ocrx_word' id='word_1_309' title='bbox 373 3671 402 3728; x_wconf 94' lang='lat' dir='ltr'><strong>in</strong></span> <span class='ocrx_word' id='word_1_310' title='bbox 423 3687 553 3744; x_wconf 83' lang='lat' dir='ltr'><strong>quorum</strong></span> <span class='ocrx_word' id='word_1_311' title='bbox 575 3670 696 3728; x_wconf 86' lang='lat' dir='ltr'><strong>naribus</strong></span> <span class='ocrx_word' id='word_1_312' title='bbox 716 3670 840 3741; x_wconf 86' lang='lat' dir='ltr'><strong>spiritus</strong></span> <span class='ocrx_word' id='word_1_313' title='bbox 860 3679 923 3738; x_wconf 89' lang='lat' dir='ltr'><strong>ast,</strong></span> <span class='ocrx_word' id='word_1_314' title='bbox 942 3669 993 3741; x_wconf 85' lang='lat' dir='ltr'><strong>qui</strong></span> <span class='ocrx_word' id='word_1_315' title='bbox 1014 3670 1128 3726; x_wconf 85' lang='lat' dir='ltr'><strong>excelsi</strong></span> 
     </span>
    </p>
   </div>
   <div class='ocr_carea' id='block_1_6' title="bbox 414 3827 607 3844">
    <p class='ocr_par' dir='ltr' id='par_1_7' title="bbox 414 3827 607 3844">
     <span class='ocr_line' id='line_1_37' title="bbox 414 3827 607 3844; baseline -0.005 0"><span class='ocrx_word' id='word_1_316' title='bbox 414 3827 607 3844; x_wconf 50' lang='lat' dir='ltr'><strong>-ffl</strong></span> 
     </span>
    </p>
   </div>
   <div class='ocr_carea' id='block_1_7' title="bbox 134 3927 481 3985">
    <p class='ocr_par' dir='ltr' id='par_1_8' title="bbox 134 3927 481 3985">
     <span class='ocr_line' id='line_1_38' title="bbox 134 3927 481 3985; baseline -0.006 -7"><span class='ocrx_word' id='word_1_317' title='bbox 134 3935 164 3985; x_wconf 84' lang='lat' dir='ltr'><strong>c)</strong></span> <span class='ocrx_word' id='word_1_318' title='bbox 186 3929 238 3978; x_wconf 76' lang='lat' dir='ltr'><strong>&#39;Ed</strong></span> <span class='ocrx_word' id='word_1_319' title='bbox 253 3927 320 3984; x_wconf 73' lang='lat' dir='ltr'><strong>inisti</strong></span> <span class='ocrx_word' id='word_1_320' title='bbox 333 3929 481 3976; x_wconf 79' lang='lat' dir='ltr'><strong>doctissima.</strong></span> 
     </span>
    </p>
   </div>
   <div class='ocr_carea' id='block_1_8' title="bbox 87 4015 282 4032">
    <p class='ocr_par' dir='ltr' id='par_1_9' title="bbox 87 4015 282 4032">
     <span class='ocr_line' id='line_1_39' title="bbox 87 4015 282 4032; baseline 0 -4"><span class='ocrx_word' id='word_1_321' title='bbox 87 4015 282 4032; x_wconf 54' lang='lat' dir='ltr'><strong>m</strong></span> 
     </span>
    </p>
   </div>
   <div class='ocr_carea' id='block_1_9' title="bbox 134 4057 607 4116">
    <p class='ocr_par' dir='ltr' id='par_1_10' title="bbox 134 4057 607 4116">
     <span class='ocr_line' id='line_1_40' title="bbox 134 4057 607 4116; baseline -0.008 -7"><span class='ocrx_word' id='word_1_322' title='bbox 134 4063 165 4114; x_wconf 83' lang='lat'><strong>¹)</strong></span> <span class='ocrx_word' id='word_1_323' title='bbox 191 4057 226 4108; x_wconf 65' lang='grc' dir='ltr'><strong>ί).</strong></span> <span class='ocrx_word' id='word_1_324' title='bbox 240 4058 264 4110; x_wconf 72' lang='lat' dir='ltr'><strong>i.</strong></span> <span class='ocrx_word' id='word_1_325' title='bbox 279 4057 323 4114; x_wconf 82' lang='lat' dir='ltr'><strong>iis,</strong></span> <span class='ocrx_word' id='word_1_326' title='bbox 346 4057 387 4113; x_wconf 82' lang='lat' dir='ltr'><strong>qui</strong></span> <span class='ocrx_word' id='word_1_327' title='bbox 406 4058 524 4116; x_wconf 78' lang='lat' dir='ltr'><strong>devulgo</strong></span> <span class='ocrx_word' id='word_1_328' title='bbox 539 4065 607 4107; x_wconf 76' lang='lat' dir='ltr'><strong>susat.¹</strong></span> 
     </span>
    </p>
   </div>
   <div class='ocr_carea' id='block_1_10' title="bbox 0 0 1350 4560">
    <p class='ocr_par' dir='ltr' id='par_1_11' title="bbox 0 0 1350 4560">
     <span class='ocr_line' id='line_1_41' title="bbox 0 0 1350 4560; baseline 0 0"><span class='ocrx_word' id='word_1_329' title='bbox 0 0 1350 4560; x_wconf 95' lang='lat' dir='ltr'><strong> </strong></span> 
     </span>
    </p>
   </div>
  </div>
 </body>
</html>
