2756 4558
332 231 343 260 ὁ
419 217 421 225 2

577 291 667 362 ists.
1073 287 1147 361 ³269
1201 367 1204 376 ,

161 455 297 528 Septimo
315 455 429 510 iterum
449 469 506 510 ros
525 453 675 530 proditis,
698 449 770 506 dion
788 447 985 526 Magistrum
995 448 1148 510 Francis.

91 560 162 608 aori
192 551 367 610 annuntie.
406 551 487 620 quod
513 549 550 605 de
581 547 677 604 literis
710 545 976 600 confessionellnm
1006 547 1147 604 decuerit

90 655 210 718 stuppae
229 644 429 699 retinaculum
453 643 570 710 facere,
590 653 620 698 et
641 639 832 715 prohibuerit
849 639 930 696 bone
951 657 1053 712 opera,
1073 659 1147 697 con.

91 739 260 794 sessionem
284 747 315 793 et
339 737 475 808 jejunia·
501 753 558 792 nec
585 737 780 808 pudescitis'
774 736 843 818 ipsi
848 751 905 792 vos
930 735 1034 804 interi,
1063 737 1146 808 quod

89 834 191 888 telin
182 849 248 903 ipse
265 833 385 902 negavit
406 831 504 888 vobis.
540 829 612 926 lios.
622 843 722 886 eutem
745 832 782 886 ad
802 821 1020 886 detrahendum
1039 847 1148 890 accen.

91 929 137 998 si,
163 928 314 982 accusatis
328 925 407 982 'eum
430 927 498 982 de'
490 926 545 994 ris,
577 915 642 997 que
664 923 826 992 ignoretis,
853 941 923 995 que
947 925 1010 996 ipse
1037 905 1147 995 uegit,

93 1038 160 1094 qne
181 1023 310 1076 aliorum
329 1022 425 1076 relrtn
444 1019 644 1076 audistine
663 1018 884 1096 intolerabilem
903 1029 933 1074 et
954 1019 1146 1094 pestilentem

93 1116 308 1172 temeritatem.
345 1114 407 1168 Cur
427 1129 489 1170 non
509 1113 710 1184 expectastis,
729 1115 826 1170 donec
845 1113 983 1170 sciretis?
1003 1113 1064 1170 Cur
1084 1131 1147 1170 non

93 1225 128 1265 os
150 1209 336 1264 virulentum
364 1206 535 1276 cohibetis,
562 1223 619 1263 nee
644 1209 672 1264 ei
692 1209 810 1278 neganti
830 1210 925 1278 magis
947 1209 1070 1284 creditis
1093 1208 1148 1280 p'u.

91 1303 198 1371 blice,
236 1319 325 1374 quam
349 1303 414 1360 aliis
443 1301 662 1358 comantibus?
695 1301 752 1358 Est
782 1303 838 1359 ista
865 1303 997 1360 cheritea
1023 1305 1147 1360 vestra?

91 1395 254 1452 Didicistis
281 1396 343 1452 hcc
368 1411 407 1452 ex
431 1395 533 1466 regula
556 1399 679 1452 vestm?
706 1395 787 1470 Quid
812 1392 970 1468 secel-etis,
996 1397 1021 1454 si
1040 1407 1071 1452 et
1088 1413 1146 1470 nos

92 1491 215 1564 publice
239 1507 295 1547 ros
312 1507 522 1570 recusaremus
548 1491 585 1546 de
605 1493 720 1560 magnis
741 1492 962 1564 horrendisque
983 1487 1146 1560 monstris,

92 1603 159 1659 quaa
185 1585 277 1655 vulgo
305 1587 342 1640 de
372 1585 460 1642 robis
481 1587 663 1656 jactantur?
691 1585 802 1642 Nouus
828 1587 1080 1658 mosaccusandi
1104 1601 1145 1643 er

93 1681 223 1736 aliorum
244 1679 360 1749 relatu,
378 1691 419 1733 ex
435 1680 556 1754 propria
577 1679 771 1750 suspicione,
791 1694 830 1734 ex
850 1681 1012 1736 temerario
1025 1680 1144 1752 judicio

93 1775 220 1832 fratrem
238 1783 397 1844 negantem
416 1791 472 1828 nec
491 1775 666 1830 convictum
685 1791 839 1830 accusare.

160 1869 191 1924 Si
211 1869 279 1924 laici
300 1877 437 1940 quaerunt
453 1868 489 1924 de
504 1868 620 1938 jejunio
638 1879 688 1922 aut
702 1869 894 1930 'confessione
910 1886 950 1926 ex
967 1845 1146 1941 Evnn'gelio,

90 1973 178 2020 recte
195 1965 325 2032 iaciunt,
345 1971 376 2018 et
389 1977 444 2020 vos
458 1963 600 2020 tenemini
614 1965 650 2018 ad
664 1963 912 2034 responsionem:
933 1963 1050 2020 deberis
1063 1965 1143 2020 enim

90 2060 173 2114 scire
199 2057 405 2127 Evangelinm.
441 2057 470 2112 Si
492 2073 554 2112 non
576 2057 705 2130 potestis
726 2059 930 2130 respondere,
950 2057 1077 2118 desinite
1092 2060 1144 2128 iis,

90 2153 144 2225 qui
163 2161 308 2223 possunt,
330 2153 502 2209 detrahere.

174 2245 289 2302 Ultimo
308 2248 391 2318 quod
410 2247 527 2306 Lector
543 2263 623 2304 stunc
639 2249 779 2322 negavit,
803 2249 929 2316 uanam
946 2201 1045 2306 solam
1063 2263 1145 2318 esse,

95 2340 252 2396 vicaritate
272 2340 393 2411 Christi,
411 2349 440 2396 et
454 2343 584 2398 Petrum
602 2361 665 2400 esse
685 2346 856 2416 principem
875 2343 1125 2414 Apostolormn
1111 2359 1145 2400 m

86 2440 266 2506 potestate,
296 2442 324 2488 et
350 2434 467 2492 rtuilmn
491 2453 555 2494 esse
581 2454 686 2494 casum
712 2445 901 2496 reservatum
921 2441 998 2510 jure
1028 2437 1144 2500 divisio.

90 2541 179 2586 recte
209 2530 324 2586 dictum
357 2541 424 2586 est:
450 2529 526 2601 sed,
553 2542 587 2586 nt
613 2534 725 2602 video,
749 2535 894 2598 nescitis,
928 2534 999 2606 quid
1028 2534 1069 2589 sit
1091 2531 1144 2602 jus

91 2623 229 2680 divinum
247 2624 297 2680 vel
315 2625 368 2694 jus
389 2626 577 2682 hommum:
601 2636 632 2682 et
652 2631 723 2684 estis
742 2631 772 2684 in
792 2639 922 2700 unoque
935 2629 1055 2699 jndices
1073 2641 1144 2682 cunt

15 2713 19 2720 '
93 2717 213 2772 fidncia.
247 2717 325 2774 Jure
342 2719 444 2775 divino
461 2721 508 2786 (ut
524 2719 565 2774 D.
583 2721 786 2792 Hieronymus
804 2723 906 2778 multis
925 2721 1001 2774 loeis
1019 2719 1144 2790 probet)

92 2813 235 2882 Apostoli
253 2829 359 2870 omnes
379 2825 449 2871 sunt
470 2816 612 2886 aequales,
630 2815 773 2888 Episcopi
792 2831 896 2870 omnes
913 2823 984 2870 sunt
1000 2813 1143 2886 equales:

92 2903 158 2960 imo
181 2907 262 2962 addit
282 2907 363 2964 idern
383 2909 606 2980 Hieronymus,
635 2911 717 2982 quod
744 2910 902 2981 presbyter
930 2918 961 2964 et
984 2901 1144 2980 'episcopus

87 3000 159 3071 jure
185 3000 288 3056 divino
310 3016 380 3057 snnt
405 3003 494 3058 idem.
539 3003 620 3077 Quid
641 3005 692 3058 hic
713 3003 849 3058 facietis?
875 3019 910 3056 an
928 3001 1145 3072 Hieronymum

92 3093 308 3152 comburetis?
336 3113 372 3152 nn
401 3097 465 3169 ipse
488 3107 609 3169 quoque
634 3097 765 3152 tunicam
792 3095 1002 3152 inconsutilem
1029 3093 1146 3148 scindet
1205 3075 1212 3092 ”

90 3187 204 3246 vobis?
232 3188 338 3258 Legite
359 3207 428 3246 eum
445 3194 475 3248 in
492 3192 618 3262 epistole
637 3192 672 3248 id
690 3189 870 3259 Evagrium‚
892 3199 922 3242 et
940 3189 970 3242 in
989 3172 1144 3243 commen.

91 3282 176 3337 tariis
200 3282 237 3336 ed
261 3281 368 3339 Titum
386 3295 416 3342 et
434 3285 605 3357 Ephesios,
627 3295 659 3340 et
680 3284 821 3340 videbitis
840 3291 972 3338 vestrum
993 3263 1149 3349 negligenti

92 3373 163 3430 tiam
188 3385 220 3429 et
243 3380 456 3439 temeritatem.
499 3381 598 3448 igitur
620 3378 701 3448 Pepa
728 3380 827 3434 solum
853 3379 986 3434 hnmano
1002 3376 1071 3445 jure
1098 3359 1161 3432 est‘

91 3467 226 3524 vicarius
245 3469 376 3539 Christi,
402 3473 482 3528 sicut
499 3476 590 3528 etium
605 3472 712 3530 Rome
724 3474 871 3544 scriptum
885 3483 931 3531 est
950 3471 980 3524 in
994 3467 1144 3537 Ecclesia,
1236 3494 1240 3505 «

91 3573 190 3616 matre
210 3563 364 3630 omnium,
395 3564 601 3622 Lateranensi.
693 3601 697 3608 ‹

160 3655 196 3712 In
226 3655 283 3710 line
310 3672 441 3728 expecto
468 3671 601 3718 vestram
629 3664 859 3735 responsionem
888 3637 1093 3734 quantociuss·
1110 3663 1144 3712 'lt

90 3750 209 3817 eciam,
227 3767 264 3806 en
282 3757 418 3808 cervices
439 3767 556 3812 vestras
577 3757 675 3814 velitis
696 3757 855 3816 inclinare.
885 3772 921 3810 tn
937 3756 1048 3810 erectis
1069 3767 1143 3808 con.

91 3853 137 3898 tra
168 3844 328 3902 veritatem
358 3866 499 3918 pugnare.
547 3851 628 3920 Ego,
669 3869 707 3906 ne
737 3851 902 3922 dubitetis,
938 3865 995 3906 vos
1023 3847 1142 3916 egregio

90 3938 235 4026 tractabo
243 3977 252 4006 ,
279 3949 310 3996 et
331 3943 473 4000 omnihus
499 3961 650 4018 exponam
676 3948 784 4002 mirem
804 3957 937 4002 vestram
951 3943 1139 4015 sapientiem.

89 4033 174 4092 Bene
198 4037 318 4110 valete,
343 4047 374 4094 et
397 4039 551 4104 Dominus
574 4043 625 4099 det
650 4040 737 4100 vobis
760 4051 843 4098 recte
866 4054 971 4116 sapere
996 4047 1026 4092 et
1050 4036 1138 4098 erile.
