2686 4558
207 222 220 257 Ι
543 215 552 222 ”
865 261 867 267 ,

214 265 311 384 41ιῖ
374 361 381 378 ,
624 284 629 292 ’
704 306 794 375 tsao.

283 470 371 528 Bono
395 475 461 525 esto
482 467 600 532 animo,
624 481 682 523 nec
700 467 729 522 in
746 483 796 536 ea,
816 481 881 540 quaa
898 473 1016 540 patent,
1035 466 1171 524 intende.
1189 465 1279 527 mser

216 575 263 624 est
281 575 491 636 argumentum
513 580 574 619 non
596 562 803 636 apparentium
821 577 941 617 rerum:
973 578 1030 617 cur
1058 578 1135 658 erpo
1168 569 1201 617 tu
1231 579 1281 619 se.
1340 587 1341 632 l

132 677 136 686 ’
213 661 346 720 cundum
368 667 544 732 apparentes
560 657 702 730 judicas?
732 657 823 712 Aliud
848 655 962 726 agitur,
987 656 1029 711 mi
1049 657 1220 729 Spalatinc,
1247 667 1280 714 et

214 756 293 812 aliud
323 755 443 818 videtur
471 753 502 808 in
532 753 599 813 isto,
622 747 760 821 negotio'.·
791 749 859 820 Ego
879 751 953 806 nihil
976 767 1101 822 quaro:
1131 759 1196 815 est.
1227 753 1278 829 qui

215 857 337 922 querat.
374 847 439 904 Stet
458 861 550 918 ergo,
569 847 633 902 sive
655 847 758 902 cadat:
778 862 834 915 ego
853 845 927 903 nihil
945 845 1070 914 lucror,
1088 855 1141 901 aut
1161 847 1281 901 amitto.

213 943 315 1003 Habes
333 957 431 998 meam
451 942 642 999 sententiam.
719 993 724 1000 .

283 1035 340 1093 Sed
359 1053 416 1092 nec
434 1035 548 1092 nostris
566 1035 642 1090 adeo
661 1034 838 1108 displicent,
857 1052 924 1108 quae
941 1035 1067 1109 scripsi,
1088 1045 1184 1107 atque
1201 1035 1278 1093 tibi:
1340 1069 1341 1110 3

212 1145 270 1189 nec
291 1109 647 1202 Dominus‘l’raposit'us
665 1129 730 1202 ipss
749 1129 846 1199 aliud,
865 1145 956 1204 quam
974 1123 1090 1186 rabulis
1108 1131 1177 1186 istis
1196 1147 1277 1186 ame
1340 1141 1341 1184 i

213 1235 299 1283 recte
319 1226 449 1292 facturn,
468 1224 562 1280 ducit.
598 1223 627 1280 Si
645 1224 745 1279 omnia
764 1225 941 1298 excipienda
957 1233 1044 1292 snut,
1062 1241 1131 1296 quse
1145 1223 1278 1296 Episco-

181 1331 195 1378 '.
213 1337 323 1394 porum
342 1320 463 1375 nomine
480 1318 649 1391 prodeunt.
670 1315 820 1400 obsecro,
840 1327 950 1390 quanta
966 1317 1277 1390 regnabittyrannis?
1340 1375 1341 1386 ,

213 1413 282 1474 Nec
309 1423 356 1470 est
382 1411 456 1468 mihi
482 1413 625 1483 dubium,
652 1393 838 1487 Episcopum
865 1411 1057 1468 Misnensem
1075 1413 1170 1485 hujus
1189 1413 1277 1468 sebe.

214 1511 289 1566 dulae
306 1518 368 1564 tam
383 1523 445 1564 non
462 1523 528 1564 erse
547 1519 704 1576 autorem,
723 1525 812 1579 quam
830 1507 957 1584 firmiter
974 1523 1066 1580 spero
1085 1525 1148 1563 non
1170 1524 1277 1578 agnos.

214 1603 358 1660 siturum.
402 1600 538 1672 Quodsi
560 1603 805 1674 quammaxime
831 1601 943 1670 iaciat,
974 1619 1130 1673 praesumo
1155 1602 1205 1660 bis
1224 1603 1274 1658 ad.

213 1697 563 1768 monitum'prudentius
582 1685 612 1752 ¹et
632 1695 752 1752 doctius
771 1695 913 1768 deinceps
932 1707 1086 1752 acturum.

281 1791 354 1848 Non
382 1799 480 1846 tamen
504 1807 785 1864 negarepossum,
812 1805 861 1845 ms
892 1805 959 1845 esso
989 1787 1271 1860 vehementiorem,
1340 1777 1341 1798 ¹

215 1904 305 1961 quam
327 1894 487 1958 oporteat,
505 1887 586 1958 quod
610 1899 682 1942 cum
702 1885 742 1941 illi
762 1901 824 1940 non
844 1885 1002 1956 ignorent,
1023 1901 1134 1940 canem
1157 1887 1271 1942 irritare
1340 1925 1341 1938 ,

124 2045 127 2052 ,
213 2001 275 2040 non
294 1979 476 2038 debuerunt.
512 1979 612 2056 Quam
632 1982 671 2035 sit
689 1979 805 2035 difficile
826 1979 921 2036 calori
938 1989 968 2036 et
987 1982 1068 2050 stylo
1090 1990 1270 2054 temperare,

139 2067 155 2165 ἰ
213 2079 262 2135 vel
285 2093 324 2134 ex
346 2076 455 2147 teipso
480 2075 598 2132 discere
620 2084 715 2147 potes.
740 2073 806 2130 Hoc
824 2075 902 2129 enirn
924 2082 990 2144 est,
1017 2093 1076 2130 cur
1101 2077 1132 2132 in
1154 2076 1269 2150 publico
1340 2105 1341 2110 κ

213 2163 329 2229 versari
346 2185 467 2242 semper
485 2170 653 2240 indignatus
672 2185 757 2226 sum:
777 2183 900 2240 quoque
917 2172 1012 2239 magis
1030 2170 1194 2240 indignor,
1211 2189 1268 2226 rna.

153 2320 157 2329 ,
179 2333 183 2338 ¹
213 2265 258 2336 gia
277 2273 384 2320 contra
403 2274 512 2320 votum
530 2263 681 2318 involvor.
720 2263 818 2334 quue¹
833 2279 893 2318 non
911 2263 968 2320 nisi
992 2263 1197 2322 atrocissimis
1214 2267 1268 2322 cri.

212 2357 367 2426 minibus,
387 2358 417 2412 in
435 2373 484 2412 me
503 2365 533 2412 et
552 2357 681 2413 verbum
700 2355 759 2414 Dei
778 2357 1000 2428 grassantibus:
1030 2359 1145 2430 qulbus
1163 2361 1213 2424 lit,
1235 2371 1265 2414 nt

140 2449 147 2456 ’
212 2453 321 2510 staec
345 2452 472 2518 calore,
498 2467 555 2505 nec
579 2451 657 2520 stylo
680 2465 820 2522 raperer,
845 2459 945 2507 tamen
969 2451 1147 2522 indignitate
1169 2456 1211 2510 rei
1234 2455 1266 2509 ad
1338 2497 1339 2500 η

213 2563 296 2603 arma
318 2553 407 2618 queat
432 2545 551 2630 moveri
577 2546 624 2600 vel
647 2559 758 2600 saxeus
784 2546 917 2603 animus:
947 2555 1060 2617 quanto
1081 2549 1176 2617 magis
1194 2565 1266 2617 ego,

212 2641 264 2713 qni
290 2648 321 2695 ct
346 2639 459 2696 calidus
485 2623 571 2706 sum,
598 2652 628 2694 et
646 2639 757 2709 stylum
774 2639 874 2698 habeo
893 2655 954 2696 nou
972 2642 1095 2714 penitus
1113 2641 1264 2697 obtusum.

210 2733 265 2792 His
284 2733 428 2820 monstris
446 2734 525 2788 ultra
544 2733 699 2789 modestiae
717 2735 865 2792 decorum
883 2737 981 2794 feror.

281 2829 446 2904 Quumque
463 2837 493 2882 et
512 2845 568 2898 ego
586 2829 702 2898 miror,
720 2831 800 2884 unde
818 2831 874 2886 ista
894 2842 962 2888 nata
982 2832 1021 2888 sit
1043 2827 1152 2901 religio
1173 2847 1265 2900 nova,
1337 2909 1338 2916 ἵ

141 2964 144 2988 ,
209 2931 243 2978 ut
266 2923 445 2996 quicquid
438 2941 467 2978 m
490 2923 695 2980 adversarium
722 2923 852 2993 dicitur,
884 2927 1058 2984 convicium
1085 2927 1264 2999 appelletur.

210 3019 247 3075 de
265 3019 411 3087 Christo,
430 3019 502 3090 quid
518 3020 630 3076 sentiet
651 3021 698 3074 Λιι
709 3023 901 3077 conviciator
916 3023 990 3092 fuit,
1008 3023 1132 3094 quando
1145 3019 1265 3079 Judasos

209 3115 336 3186 appellat
362 3115 589 3184 generationem
622 3117 786 3172 adulteram
811 3124 841 3170 et
861 3131 1061 3187 perversam,
1091 3117 1265 3190 progeniem

207 3211 397 3280 viperarum,
416 3209 611 3280 hypocritas,
631 3209 709 3266 lilios
727 3211 858 3266 diaboii?
878 3209 997 3265 Deinde
1015 3209 1147 3280 Paulus,
1166 3225 1263 3276 canes

205 3305 408 3376 variitoqnos,
436 3303 633 3371 seductores,
660 3306 826 3372 indoctos,
854 3309 904 3375 qui
933 3305 1086 3359 Actorum
1115 3303 1197 3360 xitt.
1219 3305 1263 3360 sic
1335 3313 1336 3336 ¹

205 3399 358 3454 invehitur
377 3401 407 3454 in
427 3398 743 3470 pseudoprophetam,
770 3413 803 3453 ut
824 3400 917 3454 videri
940 3400 1036 3470 possit
1057 3401 1196 3468 insanus,
1223 3399 1265 3453 di.

125 3545 128 3550 ,
184 3507 293 3552 'censa
323 3495 350 3548 0
364 3497 454 3562 plene
471 3495 556 3548 omni
572 3493 641 3547 dolo
659 3501 687 3546 et
707 3494 791 3549 orani
798 3491 958 3560 fallacia,
973 3493 1033 3563 fltr'
1051 3493 1168 3549 dioboli
1174 3523 1183 3552 r
1207 3493 1266 3548 r'm'.

202 3587 279 3641 mica
302 3589 451 3642 veritatis.
489 3588 552 3642 Cur
570 3605 629 3641 non
650 3587 701 3643 hic
720 3587 832 3646 Paulus
860 3577 1001 3644 modeste
1024 3590 1127 3662 potius
1152 3587 1264 3644 blandi.

202 3691 267 3746 tur,
286 3693 320 3736 ut
339 3693 515 3750 convertat,
543 3697 631 3752 quam
651 3685 695 3738 sic
713 3695 808 3740 tonat.
842 3683 911 3748 Nec
930 3693 1032 3756 potest
1052 3700 1125 3739 sane
1144 3683 1265 3740 consci-

200 3775 279 3832 entia
298 3776 431 3830 veritatis
449 3769 524 3831 esse‘
536 3777 651 3847 patiens
671 3761 700 3832 in
719 3777 895 3850 praefractos
920 3791 952 3834 et
970 3779 1138 3835 indomitos
1156 3779 1263 3835 hostes

200 3871 349 3926 veritatis.
439 3895 443 3902 .

267 3965 324 4019 Sed
340 3964 404 4033 jam
423 3963 496 4017 satis
521 3979 681 4033 nugarum.
721 3965 818 4023 Video
842 3965 879 4022 ab
902 3967 1044 4024 omnibus
1064 3967 1097 4023 in
1124 3984 1176 4026 me
1201 3967 1260 4040 peti

196 4057 376 4117 modestiam
386 4057 546 4124 ,tmaxitne
562 4059 599 4112 nb
616 4060 776 4131 hostibus,
797 4063 848 4133 qui
862 4063 986 4120 minime
1000 4071 1103 4120 tamen
1121 4063 1259 4120 omnium
