<?xml version="1.0" encoding="UTF-8"?>
<!DOCTYPE html PUBLIC "-//W3C//DTD XHTML 1.0 Transitional//EN"
    "http://www.w3.org/TR/xhtml1/DTD/xhtml1-transitional.dtd">
<html xmlns="http://www.w3.org/1999/xhtml" xml:lang="en" lang="en">
 <head>
  <title>
</title>
<meta http-equiv="Content-Type" content="text/html;charset=utf-8" />
  <meta name='ocr-system' content='tesseract 3.04.00' />
  <meta name='ocr-capabilities' content='ocr_page ocr_carea ocr_par ocr_line ocrx_word'/>
</head>
<body>
  <div class='ocr_page' id='page_1' title='image "./briefesendschre07luthgoog/briefesendschre07luthgoog_0318.png"; bbox 0 0 2756 4558; ppageno 0'>
   <div class='ocr_carea' id='block_1_1' title="bbox 18 227 1370 4148">
    <p class='ocr_par' dir='ltr' id='par_1_1' title="bbox 553 227 650 262">
     <span class='ocr_line' id='line_1_1' title="bbox 553 227 650 262; baseline 0 -12"><span class='ocrx_word' id='word_1_1' title='bbox 553 251 556 262; x_wconf 49' lang='lat'><em>¹</em></span> <span class='ocrx_word' id='word_1_2' title='bbox 644 227 650 250; x_wconf 87' lang='lat' dir='ltr'><strong>l</strong></span> 
     </span>
    </p>

    <p class='ocr_par' dir='ltr' id='par_1_2' title="bbox 82 321 1163 841">
     <span class='ocr_line' id='line_1_2' title="bbox 570 321 1146 396; baseline 0.01 -7"><span class='ocrx_word' id='word_1_3' title='bbox 570 322 660 396; x_wconf 69' lang='lat'><strong>1519·</strong></span> <span class='ocrx_word' id='word_1_4' title='bbox 742 371 746 380; x_wconf 82' lang='lat'>&#39;</span> <span class='ocrx_word' id='word_1_5' title='bbox 828 348 831 360; x_wconf 41' lang='grc' dir='ltr'>ι</span> <span class='ocrx_word' id='word_1_6' title='bbox 1085 321 1146 395; x_wconf 68' lang='grc'><strong>287</strong></span> 
     </span>
     <span class='ocr_line' id='line_1_3' title="bbox 86 481 1145 564; baseline -0.004 -19"><span class='ocrx_word' id='word_1_7' title='bbox 86 497 118 545; x_wconf 86' lang='lat' dir='ltr'><strong>et</strong></span> <span class='ocrx_word' id='word_1_8' title='bbox 137 486 303 564; x_wconf 78' lang='lat' dir='ltr'><strong>ludibrium</strong></span> <span class='ocrx_word' id='word_1_9' title='bbox 321 486 376 544; x_wconf 86' lang='lat' dir='ltr'><strong>lrlt</strong></span> <span class='ocrx_word' id='word_1_10' title='bbox 392 484 592 559; x_wconf 73' lang='lat' dir='ltr'>patrocinium</span> <span class='ocrx_word' id='word_1_11' title='bbox 606 481 879 553; x_wconf 76' lang='lat' dir='ltr'><strong>indulgentiarum,</strong></span> <span class='ocrx_word' id='word_1_12' title='bbox 902 495 973 538; x_wconf 86' lang='lat' dir='ltr'><strong>etun</strong></span> <span class='ocrx_word' id='word_1_13' title='bbox 988 481 1052 538; x_wconf 80' lang='lat' dir='ltr'><strong>lroe</strong></span> <span class='ocrx_word' id='word_1_14' title='bbox 1069 483 1145 542; x_wconf 86' lang='lat' dir='ltr'><strong>mihi</strong></span> 
     </span>
     <span class='ocr_line' id='line_1_4' title="bbox 84 575 1163 654; baseline -0.004 -14"><span class='ocrx_word' id='word_1_15' title='bbox 84 593 261 652; x_wconf 78' lang='lat' dir='ltr'><strong>speraretur</strong></span> <span class='ocrx_word' id='word_1_16' title='bbox 284 595 401 640; x_wconf 82' lang='lat' dir='ltr'><strong>summa</strong></span> <span class='ocrx_word' id='word_1_17' title='bbox 425 582 533 638; x_wconf 82' lang='lat' dir='ltr'><strong>futuras</strong></span> <span class='ocrx_word' id='word_1_18' title='bbox 550 579 780 654; x_wconf 76' lang='lat' dir='ltr'><strong>disputationis:</strong></span> <span class='ocrx_word' id='word_1_19' title='bbox 806 575 947 648; x_wconf 77' lang='lat' dir='ltr'><strong>denique·</strong></span> <span class='ocrx_word' id='word_1_20' title='bbox 965 577 1062 642; x_wconf 82' lang='lat' dir='ltr'><strong>lassus</strong></span> <span class='ocrx_word' id='word_1_21' title='bbox 1086 579 1163 636; x_wconf 76' lang='lat' dir='ltr'><strong>luit·</strong></span> 
     </span>
     <span class='ocr_line' id='line_1_5' title="bbox 84 671 1147 748; baseline -0.005 -16"><span class='ocrx_word' id='word_1_22' title='bbox 84 679 114 732; x_wconf 88' lang='lat' dir='ltr'><strong>in</strong></span> <span class='ocrx_word' id='word_1_23' title='bbox 134 677 264 748; x_wconf 78' lang='lat' dir='ltr'><strong>publicis</strong></span> <span class='ocrx_word' id='word_1_24' title='bbox 283 673 497 745; x_wconf 76' lang='lat' dir='ltr'><strong>contionibus,</strong></span> <span class='ocrx_word' id='word_1_25' title='bbox 515 683 549 732; x_wconf 86' lang='lat' dir='ltr'><strong>ut</strong></span> <span class='ocrx_word' id='word_1_26' title='bbox 570 683 602 731; x_wconf 83' lang='lat' dir='ltr'><strong>et</strong></span> <span class='ocrx_word' id='word_1_27' title='bbox 618 671 726 745; x_wconf 63' lang='lat' dir='ltr'><strong>vulgus</strong></span> <span class='ocrx_word' id='word_1_28' title='bbox 746 672 929 743; x_wconf 68' lang='lat' dir='ltr'><strong>intellipzeret</strong></span> <span class='ocrx_word' id='word_1_29' title='bbox 950 685 1022 728; x_wconf 87' lang='lat' dir='ltr'><strong>eum</strong></span> <span class='ocrx_word' id='word_1_30' title='bbox 1046 672 1147 730; x_wconf 87' lang='lat' dir='ltr'><strong>indul.</strong></span> 
     </span>
     <span class='ocr_line' id='line_1_6' title="bbox 82 761 1047 841; baseline -0.004 -15"><span class='ocrx_word' id='word_1_31' title='bbox 82 773 201 841; x_wconf 84' lang='lat' dir='ltr'><strong>gentias</strong></span> <span class='ocrx_word' id='word_1_32' title='bbox 218 771 303 826; x_wconf 85' lang='lat' dir='ltr'><strong>nihili</strong></span> <span class='ocrx_word' id='word_1_33' title='bbox 322 771 434 832; x_wconf 68' lang='lat' dir='ltr'><strong>faeerm</strong></span> <span class='ocrx_word' id='word_1_34' title='bbox 1044 761 1047 767; x_wconf 72' lang='grc'><strong>’</strong></span> 
     </span>
    </p>

    <p class='ocr_par' dir='ltr' id='par_1_3' title="bbox 76 848 1358 2255">
     <span class='ocr_line' id='line_1_7' title="bbox 148 848 1143 934; baseline 0.001 -14"><span class='ocrx_word' id='word_1_35' title='bbox 148 865 260 920; x_wconf 75' lang='lat' dir='ltr'><strong>Fessus</strong></span> <span class='ocrx_word' id='word_1_36' title='bbox 285 848 375 920; x_wconf 67' lang='lat' dir='ltr'><strong>etium</strong></span> <span class='ocrx_word' id='word_1_37' title='bbox 402 864 532 932; x_wconf 85' lang='lat' dir='ltr'><strong>dicitur,</strong></span> <span class='ocrx_word' id='word_1_38' title='bbox 563 864 645 934; x_wconf 85' lang='lat' dir='ltr'><strong>quod</strong></span> <span class='ocrx_word' id='word_1_39' title='bbox 674 864 701 933; x_wconf 79' lang='lat' dir='ltr'><strong>si</strong></span> <span class='ocrx_word' id='word_1_40' title='bbox 731 863 768 918; x_wconf 89' lang='lat' dir='ltr'><strong>de</strong></span> <span class='ocrx_word' id='word_1_41' title='bbox 785 869 938 934; x_wconf 78' lang='lat' dir='ltr'><strong>potestate</strong></span> <span class='ocrx_word' id='word_1_42' title='bbox 965 858 1055 934; x_wconf 83' lang='lat' dir='ltr'><strong>Papae</strong></span> <span class='ocrx_word' id='word_1_43' title='bbox 1080 880 1143 922; x_wconf 82' lang='lat' dir='ltr'><strong>nou</strong></span> 
     </span>
     <span class='ocr_line' id='line_1_8' title="bbox 79 945 1143 1028; baseline -0.003 -15"><span class='ocrx_word' id='word_1_44' title='bbox 79 945 302 1028; x_wconf 67' lang='lat' dir='ltr'><strong>disputassem,</strong></span> <span class='ocrx_word' id='word_1_45' title='bbox 327 959 358 1014; x_wconf 89' lang='lat' dir='ltr'><strong>in</strong></span> <span class='ocrx_word' id='word_1_46' title='bbox 381 958 521 1014; x_wconf 87' lang='lat' dir='ltr'><strong>omuibus</strong></span> <span class='ocrx_word' id='word_1_47' title='bbox 538 973 660 1014; x_wconf 84' lang='lat' dir='ltr'><strong>meeum</strong></span> <span class='ocrx_word' id='word_1_48' title='bbox 680 955 820 1012; x_wconf 77' lang='lat' dir='ltr'><strong>facillime</strong></span> <span class='ocrx_word' id='word_1_49' title='bbox 839 969 875 1012; x_wconf 85' lang='lat' dir='ltr'><strong>se</strong></span> <span class='ocrx_word' id='word_1_50' title='bbox 897 955 990 1012; x_wconf 76' lang='lat' dir='ltr'><strong>misse</strong></span> <span class='ocrx_word' id='word_1_51' title='bbox 1010 971 1143 1013; x_wconf 72' lang='lat' dir='ltr'><strong>eonem.</strong></span> 
     </span>
     <span class='ocr_line' id='line_1_9' title="bbox 82 1042 1358 1125; baseline -0.002 -17"><span class='ocrx_word' id='word_1_52' title='bbox 82 1065 202 1108; x_wconf 81' lang='lat' dir='ltr'><strong>surum.</strong></span> <span class='ocrx_word' id='word_1_53' title='bbox 226 1047 419 1124; x_wconf 79' lang='lat' dir='ltr'><strong>Denique&#39;ad</strong></span> <span class='ocrx_word' id='word_1_54' title='bbox 438 1053 535 1125; x_wconf 83' lang='lat' dir='ltr'><strong>ipsum</strong></span> <span class='ocrx_word' id='word_1_55' title='bbox 550 1051 749 1108; x_wconf 83' lang='lat' dir='ltr'><strong>Cerlstadium</strong></span> <span class='ocrx_word' id='word_1_56' title='bbox 765 1051 856 1108; x_wconf 81' lang='lat' dir='ltr'><strong>dixit:</strong></span> <span class='ocrx_word' id='word_1_57' title='bbox 877 1050 903 1108; x_wconf 80' lang='lat' dir='ltr'><strong>si</strong></span> <span class='ocrx_word' id='word_1_58' title='bbox 919 1067 990 1106; x_wconf 88' lang='lat' dir='ltr'><strong>oum</strong></span> <span class='ocrx_word' id='word_1_59' title='bbox 1003 1050 1141 1116; x_wconf 81' lang='lat' dir='ltr'><strong>Martino</strong></span> <span class='ocrx_word' id='word_1_60' title='bbox 1177 1093 1185 1104; x_wconf 94' lang='lat'><em>.</em></span> <span class='ocrx_word' id='word_1_61' title='bbox 1239 1100 1242 1114; x_wconf 78' lang='grc'>,</span> <span class='ocrx_word' id='word_1_62' title='bbox 1304 1068 1307 1077; x_wconf 70' lang='grc'><em>“</em></span> <span class='ocrx_word' id='word_1_63' title='bbox 1356 1042 1358 1052; x_wconf 84' lang='grc'><strong>’</strong></span> 
     </span>
     <span class='ocr_line' id='line_1_10' title="bbox 79 1146 1143 1219; baseline 0 -19"><span class='ocrx_word' id='word_1_64' title='bbox 79 1147 293 1202; x_wconf 79' lang='lat' dir='ltr'><strong>tuntumtnihi</strong></span> <span class='ocrx_word' id='word_1_65' title='bbox 313 1147 506 1216; x_wconf 84' lang='lat' dir='ltr'><strong>conveniret,</strong></span> <span class='ocrx_word' id='word_1_66' title='bbox 526 1155 671 1219; x_wconf 74' lang='lat' dir='ltr'><strong>quantum</strong></span> <span class='ocrx_word' id='word_1_67' title='bbox 695 1146 762 1215; x_wconf 88' lang='lat' dir='ltr'><strong>tibi,</strong></span> <span class='ocrx_word' id='word_1_68' title='bbox 791 1147 997 1202; x_wconf 81' lang='lat' dir='ltr'><strong>concederem</strong></span> <span class='ocrx_word' id='word_1_69' title='bbox 1019 1155 1051 1201; x_wconf 84' lang='lat' dir='ltr'><strong>et</strong></span> <span class='ocrx_word' id='word_1_70' title='bbox 1070 1161 1143 1207; x_wconf 81' lang='lat' dir='ltr'><strong>oum</strong></span> 
     </span>
     <span class='ocr_line' id='line_1_11' title="bbox 80 1237 1143 1311; baseline 0.002 -17"><span class='ocrx_word' id='word_1_71' title='bbox 80 1257 120 1296; x_wconf 86' lang='lat' dir='ltr'><strong>eo</strong></span> <span class='ocrx_word' id='word_1_72' title='bbox 143 1239 175 1294; x_wconf 88' lang='lat' dir='ltr'><strong>in</strong></span> <span class='ocrx_word' id='word_1_73' title='bbox 200 1255 289 1296; x_wconf 85' lang='lat' dir='ltr'><strong>sunm</strong></span> <span class='ocrx_word' id='word_1_74' title='bbox 311 1240 488 1311; x_wconf 79' lang='lat' dir='ltr'><strong>hospitium.</strong></span> <span class='ocrx_word' id='word_1_75' title='bbox 530 1241 576 1296; x_wconf 89' lang='lat' dir='ltr'><strong>lta</strong></span> <span class='ocrx_word' id='word_1_76' title='bbox 603 1249 649 1297; x_wconf 78' lang='lat' dir='ltr'><strong>est</strong></span> <span class='ocrx_word' id='word_1_77' title='bbox 671 1242 768 1298; x_wconf 85' lang='lat' dir='ltr'><strong>homo</strong></span> <span class='ocrx_word' id='word_1_78' title='bbox 791 1240 893 1294; x_wconf 83' lang='lat' dir='ltr'><strong>varius</strong></span> <span class='ocrx_word' id='word_1_79' title='bbox 918 1246 949 1294; x_wconf 90' lang='lat' dir='ltr'><strong>et</strong></span> <span class='ocrx_word' id='word_1_80' title='bbox 974 1237 1143 1309; x_wconf 80' lang='lat' dir='ltr'><strong>subdolus,</strong></span> 
     </span>
     <span class='ocr_line' id='line_1_12' title="bbox 80 1331 1141 1408; baseline -0.002 -18"><span class='ocrx_word' id='word_1_81' title='bbox 80 1335 195 1390; x_wconf 88' lang='lat' dir='ltr'><strong>omnia</strong></span> <span class='ocrx_word' id='word_1_82' title='bbox 212 1335 276 1390; x_wconf 84' lang='lat' dir='ltr'><strong>lieri</strong></span> <span class='ocrx_word' id='word_1_83' title='bbox 306 1345 454 1407; x_wconf 85' lang='lat' dir='ltr'><strong>promtus.</strong></span> <span class='ocrx_word' id='word_1_84' title='bbox 504 1335 646 1408; x_wconf 86' lang='lat' dir='ltr'><strong>Denique</strong></span> <span class='ocrx_word' id='word_1_85' title='bbox 681 1336 731 1407; x_wconf 87' lang='lat' dir='ltr'><strong>qui</strong></span> <span class='ocrx_word' id='word_1_86' title='bbox 765 1331 934 1390; x_wconf 83' lang='lat' dir='ltr'><strong>Caristadio</strong></span> <span class='ocrx_word' id='word_1_87' title='bbox 971 1333 1141 1408; x_wconf 83' lang='lat' dir='ltr'><strong>consessit,</strong></span> 
     </span>
     <span class='ocr_line' id='line_1_13' title="bbox 80 1427 1140 1498; baseline -0.001 -14"><span class='ocrx_word' id='word_1_88' title='bbox 80 1429 162 1484; x_wconf 84' lang='lat' dir='ltr'><strong>idem</strong></span> <span class='ocrx_word' id='word_1_89' title='bbox 179 1428 381 1485; x_wconf 82' lang='lat' dir='ltr'><strong>scholasticos</strong></span> <span class='ocrx_word' id='word_1_90' title='bbox 403 1431 547 1486; x_wconf 82' lang='lat' dir='ltr'><strong>doctores</strong></span> <span class='ocrx_word' id='word_1_91' title='bbox 566 1430 696 1498; x_wconf 86' lang='lat' dir='ltr'><strong>docere,</strong></span> <span class='ocrx_word' id='word_1_92' title='bbox 721 1427 797 1485; x_wconf 85' lang='lat' dir='ltr'><strong>mihi</strong></span> <span class='ocrx_word' id='word_1_93' title='bbox 817 1427 1003 1498; x_wconf 81' lang='lat' dir='ltr'><strong>Gregorium</strong></span> <span class='ocrx_word' id='word_1_94' title='bbox 1025 1427 1140 1484; x_wconf 82' lang='lat' dir='ltr'><strong>Arimi.</strong></span> 
     </span>
     <span class='ocr_line' id='line_1_14' title="bbox 79 1511 1166 1594; baseline -0.005 -17"><span class='ocrx_word' id='word_1_95' title='bbox 79 1540 225 1592; x_wconf 78' lang='lat' dir='ltr'><strong>oensem,</strong></span> <span class='ocrx_word' id='word_1_96' title='bbox 243 1511 294 1594; x_wconf 90' lang='lat' dir='ltr'><strong>qui</strong></span> <span class='ocrx_word' id='word_1_97' title='bbox 313 1541 392 1581; x_wconf 85' lang='lat' dir='ltr'><strong>unus</strong></span> <span class='ocrx_word' id='word_1_98' title='bbox 410 1526 571 1582; x_wconf 83' lang='lat' dir='ltr'><strong>nobiseum</strong></span> <span class='ocrx_word' id='word_1_99' title='bbox 594 1533 707 1581; x_wconf 83' lang='lat' dir='ltr'><strong>eontra</strong></span> <span class='ocrx_word' id='word_1_100' title='bbox 719 1539 825 1579; x_wconf 87' lang='lat' dir='ltr'><strong>omnes</strong></span> <span class='ocrx_word' id='word_1_101' title='bbox 846 1522 1049 1579; x_wconf 77' lang='lat' dir='ltr'><strong>scholasticos</strong></span> <span class='ocrx_word' id='word_1_102' title='bbox 1072 1536 1142 1578; x_wconf 86' lang='lat' dir='ltr'><strong>serr.</strong></span> <span class='ocrx_word' id='word_1_103' title='bbox 1161 1553 1166 1572; x_wconf 74' lang='grc'><strong>.</strong></span> 
     </span>
     <span class='ocr_line' id='line_1_15' title="bbox 79 1617 1143 1691; baseline -0.003 -19"><span class='ocrx_word' id='word_1_104' title='bbox 79 1617 140 1686; x_wconf 84' lang='lat' dir='ltr'><strong>tlt,</strong></span> <span class='ocrx_word' id='word_1_105' title='bbox 165 1619 290 1688; x_wconf 84' lang='lat' dir='ltr'><strong>rejecit.</strong></span> <span class='ocrx_word' id='word_1_106' title='bbox 321 1628 353 1675; x_wconf 82' lang='lat' dir='ltr'><strong>et</strong></span> <span class='ocrx_word' id='word_1_107' title='bbox 376 1619 416 1675; x_wconf 81' lang='lat' dir='ltr'><strong>in</strong></span> <span class='ocrx_word' id='word_1_108' title='bbox 436 1621 515 1675; x_wconf 89' lang='lat' dir='ltr'><strong>idem</strong></span> <span class='ocrx_word' id='word_1_109' title='bbox 538 1636 595 1691; x_wconf 89' lang='lat' dir='ltr'><strong>pro</strong></span> <span class='ocrx_word' id='word_1_110' title='bbox 621 1619 742 1675; x_wconf 84' lang='lat' dir='ltr'><strong>diverso</strong></span> <span class='ocrx_word' id='word_1_111' title='bbox 771 1625 911 1689; x_wconf 78' lang='lat' dir='ltr'><strong>tempore</strong></span> <span class='ocrx_word' id='word_1_112' title='bbox 943 1631 1079 1673; x_wconf 83' lang='lat' dir='ltr'><strong>asserere</strong></span> <span class='ocrx_word' id='word_1_113' title='bbox 1111 1621 1143 1670; x_wconf 87' lang='lat' dir='ltr'><strong>et</strong></span> 
     </span>
     <span class='ocr_line' id='line_1_16' title="bbox 81 1705 1226 1798; baseline -0.002 -34"><span class='ocrx_word' id='word_1_114' title='bbox 81 1727 211 1781; x_wconf 64' lang='lat' dir='ltr'><strong>negare,</strong></span> <span class='ocrx_word' id='word_1_115' title='bbox 238 1711 314 1768; x_wconf 87' lang='lat' dir='ltr'><strong>nihil</strong></span> <span class='ocrx_word' id='word_1_116' title='bbox 339 1715 417 1784; x_wconf 85' lang='lat' dir='ltr'><strong>apud</strong></span> <span class='ocrx_word' id='word_1_117' title='bbox 442 1726 511 1769; x_wconf 82' lang='lat' dir='ltr'><strong>rutn</strong></span> <span class='ocrx_word' id='word_1_118' title='bbox 533 1715 595 1770; x_wconf 90' lang='lat' dir='ltr'><strong>vitii</strong></span> <span class='ocrx_word' id='word_1_119' title='bbox 617 1705 674 1768; x_wconf 62' lang='lat' dir='ltr'><strong>e‘st.</strong></span> <span class='ocrx_word' id='word_1_120' title='bbox 710 1711 779 1768; x_wconf 86' lang='lat' dir='ltr'><strong>Neo</strong></span> <span class='ocrx_word' id='word_1_121' title='bbox 800 1711 962 1783; x_wconf 85' lang='lat' dir='ltr'><strong>Lipsenses</strong></span> <span class='ocrx_word' id='word_1_122' title='bbox 981 1709 1010 1765; x_wconf 88' lang='lat' dir='ltr'><strong>id</strong></span> <span class='ocrx_word' id='word_1_123' title='bbox 1029 1709 1140 1766; x_wconf 85' lang='lat' dir='ltr'><strong>intelli.</strong></span> <span class='ocrx_word' id='word_1_124' title='bbox 1223 1774 1226 1798; x_wconf 40' lang='grc' dir='ltr'>Ι</span> 
     </span>
     <span class='ocr_line' id='line_1_17' title="bbox 78 1803 1143 1880; baseline 0 -24"><span class='ocrx_word' id='word_1_125' title='bbox 78 1813 174 1872; x_wconf 84' lang='lat' dir='ltr'><strong>gunt:</strong></span> <span class='ocrx_word' id='word_1_126' title='bbox 208 1814 310 1862; x_wconf 80' lang='lat' dir='ltr'><strong>tantus</strong></span> <span class='ocrx_word' id='word_1_127' title='bbox 330 1815 379 1864; x_wconf 86' lang='lat' dir='ltr'><strong>est</strong></span> <span class='ocrx_word' id='word_1_128' title='bbox 400 1815 508 1880; x_wconf 83' lang='lat' dir='ltr'><strong>stupor</strong></span> <span class='ocrx_word' id='word_1_129' title='bbox 530 1809 559 1863; x_wconf 93' lang='lat' dir='ltr'><strong>in</strong></span> <span class='ocrx_word' id='word_1_130' title='bbox 582 1807 635 1862; x_wconf 87' lang='lat' dir='ltr'><strong>eis.</strong></span> <span class='ocrx_word' id='word_1_131' title='bbox 678 1809 786 1878; x_wconf 81' lang='lat' dir='ltr'><strong>Atque</strong></span> <span class='ocrx_word' id='word_1_132' title='bbox 802 1821 863 1877; x_wconf 90' lang='lat' dir='ltr'><strong>quo</strong></span> <span class='ocrx_word' id='word_1_133' title='bbox 882 1805 979 1876; x_wconf 79' lang='lat' dir='ltr'><strong>mujrrs</strong></span> <span class='ocrx_word' id='word_1_134' title='bbox 998 1803 1038 1860; x_wconf 85' lang='lat' dir='ltr'><strong>sit</strong></span> <span class='ocrx_word' id='word_1_135' title='bbox 1055 1819 1143 1858; x_wconf 88' lang='lat' dir='ltr'><strong>mon.</strong></span> 
     </span>
     <span class='ocr_line' id='line_1_18' title="bbox 76 1899 1143 1970; baseline 0.003 -19"><span class='ocrx_word' id='word_1_136' title='bbox 76 1905 199 1967; x_wconf 84' lang='lat' dir='ltr'><strong>strum,</strong></span> <span class='ocrx_word' id='word_1_137' title='bbox 226 1899 304 1954; x_wconf 87' lang='lat' dir='ltr'><strong>aliud</strong></span> <span class='ocrx_word' id='word_1_138' title='bbox 332 1904 486 1966; x_wconf 82' lang='lat' dir='ltr'><strong>concessit</strong></span> <span class='ocrx_word' id='word_1_139' title='bbox 515 1902 545 1957; x_wconf 88' lang='lat' dir='ltr'><strong>in</strong></span> <span class='ocrx_word' id='word_1_140' title='bbox 579 1901 711 1970; x_wconf 85' lang='lat' dir='ltr'><strong>schola,</strong></span> <span class='ocrx_word' id='word_1_141' title='bbox 741 1900 820 1954; x_wconf 88' lang='lat' dir='ltr'><strong>aliud</strong></span> <span class='ocrx_word' id='word_1_142' title='bbox 850 1899 942 1969; x_wconf 86' lang='lat' dir='ltr'><strong>vulgo</strong></span> <span class='ocrx_word' id='word_1_143' title='bbox 973 1901 1079 1955; x_wconf 84' lang='lat' dir='ltr'><strong>docuit</strong></span> <span class='ocrx_word' id='word_1_144' title='bbox 1110 1901 1143 1954; x_wconf 78' lang='lat' dir='ltr'><strong>itt·</strong></span> 
     </span>
     <span class='ocr_line' id='line_1_19' title="bbox 78 1993 1140 2062; baseline -0.002 -14"><span class='ocrx_word' id='word_1_145' title='bbox 78 1993 221 2048; x_wconf 76' lang='lat' dir='ltr'><strong>ecclesia.</strong></span> <span class='ocrx_word' id='word_1_146' title='bbox 256 1994 432 2051; x_wconf 82' lang='lat' dir='ltr'><strong>Conventus</strong></span> <span class='ocrx_word' id='word_1_147' title='bbox 450 2003 550 2052; x_wconf 84' lang='lat' dir='ltr'><strong>sutem</strong></span> <span class='ocrx_word' id='word_1_148' title='bbox 571 2014 588 2050; x_wconf 84' lang='lat' dir='ltr'>a</span> <span class='ocrx_word' id='word_1_149' title='bbox 607 1993 793 2062; x_wconf 84' lang='lat' dir='ltr'><strong>Garlstadio,</strong></span> <span class='ocrx_word' id='word_1_150' title='bbox 813 2009 869 2052; x_wconf 82' lang='lat' dir='ltr'><strong>our</strong></span> <span class='ocrx_word' id='word_1_151' title='bbox 888 1994 933 2049; x_wconf 85' lang='lat' dir='ltr'><strong>sio</strong></span> <span class='ocrx_word' id='word_1_152' title='bbox 950 1993 1140 2054; x_wconf 79' lang='lat' dir='ltr'><strong>variaretur,</strong></span> 
     </span>
     <span class='ocr_line' id='line_1_20' title="bbox 77 2077 1143 2159; baseline 0 -19"><span class='ocrx_word' id='word_1_153' title='bbox 77 2088 239 2158; x_wconf 83' lang='lat' dir='ltr'><strong>respondit</strong></span> <span class='ocrx_word' id='word_1_154' title='bbox 268 2089 364 2144; x_wconf 87' lang='lat' dir='ltr'><strong>horno</strong></span> <span class='ocrx_word' id='word_1_155' title='bbox 392 2091 455 2144; x_wconf 89' lang='lat' dir='ltr'><strong>sine</strong></span> <span class='ocrx_word' id='word_1_156' title='bbox 486 2077 615 2159; x_wconf 60' lang='lat' dir='ltr'><strong>fronite,</strong></span> <span class='ocrx_word' id='word_1_157' title='bbox 639 2103 701 2144; x_wconf 88' lang='lat' dir='ltr'><strong>non</strong></span> <span class='ocrx_word' id='word_1_158' title='bbox 729 2095 873 2159; x_wconf 81' lang='lat' dir='ltr'><strong>oportere</strong></span> <span class='ocrx_word' id='word_1_159' title='bbox 904 2087 1050 2159; x_wconf 90' lang='lat' dir='ltr'><strong>populum</strong></span> <span class='ocrx_word' id='word_1_160' title='bbox 1074 2084 1143 2144; x_wconf 67' lang='lat' dir='ltr'><strong>hmo</strong></span> 
     </span>
     <span class='ocr_line' id='line_1_21' title="bbox 76 2181 539 2255; baseline 0.009 -21"><span class='ocrx_word' id='word_1_161' title='bbox 76 2181 201 2246; x_wconf 84' lang='lat' dir='ltr'><strong>doceri,</strong></span> <span class='ocrx_word' id='word_1_162' title='bbox 221 2198 286 2252; x_wconf 76' lang='lat' dir='ltr'><strong>quae</strong></span> <span class='ocrx_word' id='word_1_163' title='bbox 304 2183 539 2255; x_wconf 75' lang='lat' dir='ltr'><strong>disputarentur.</strong></span> 
     </span>
    </p>

    <p class='ocr_par' dir='ltr' id='par_1_4' title="bbox 74 2273 1145 2822">
     <span class='ocr_line' id='line_1_22' title="bbox 149 2273 1138 2348; baseline 0.002 -20"><span class='ocrx_word' id='word_1_164' title='bbox 149 2273 246 2330; x_wconf 75' lang='lat' dir='ltr'><strong>Finita</strong></span> <span class='ocrx_word' id='word_1_165' title='bbox 267 2277 371 2346; x_wconf 85' lang='lat' dir='ltr'><strong>itaque</strong></span> <span class='ocrx_word' id='word_1_166' title='bbox 399 2293 466 2332; x_wconf 80' lang='lat' dir='ltr'><strong>rnen</strong></span> <span class='ocrx_word' id='word_1_167' title='bbox 491 2277 694 2348; x_wconf 83' lang='lat' dir='ltr'><strong>disputatione</strong></span> <span class='ocrx_word' id='word_1_168' title='bbox 715 2291 837 2333; x_wconf 89' lang='lat' dir='ltr'><strong>rursum</strong></span> <span class='ocrx_word' id='word_1_169' title='bbox 866 2291 936 2333; x_wconf 86' lang='lat' dir='ltr'><strong>oum</strong></span> <span class='ocrx_word' id='word_1_170' title='bbox 967 2275 1138 2331; x_wconf 83' lang='lat' dir='ltr'><strong>Caristudio</strong></span> 
     </span>
     <span class='ocr_line' id='line_1_23' title="bbox 77 2367 1144 2450; baseline 0.003 -27"><span class='ocrx_word' id='word_1_171' title='bbox 77 2367 183 2423; x_wconf 83' lang='lat' dir='ltr'><strong>tribus</strong></span> <span class='ocrx_word' id='word_1_172' title='bbox 202 2368 304 2426; x_wconf 85' lang='lat' dir='ltr'><strong>diebus</strong></span> <span class='ocrx_word' id='word_1_173' title='bbox 326 2367 697 2450; x_wconf 77' lang='lat' dir='ltr'><strong>novissimisdisputuvit,</strong></span> <span class='ocrx_word' id='word_1_174' title='bbox 716 2372 826 2428; x_wconf 90' lang='lat' dir='ltr'><strong>iterum</strong></span> <span class='ocrx_word' id='word_1_175' title='bbox 847 2372 947 2426; x_wconf 89' lang='lat' dir='ltr'><strong>omnia</strong></span> <span class='ocrx_word' id='word_1_176' title='bbox 966 2373 1144 2426; x_wconf 73' lang='lat' dir='ltr'><strong>concedens</strong></span> 
     </span>
     <span class='ocr_line' id='line_1_24' title="bbox 79 2453 1145 2540; baseline 0.004 -24"><span class='ocrx_word' id='word_1_177' title='bbox 79 2471 113 2516; x_wconf 81' lang='lat' dir='ltr'><strong>et</strong></span> <span class='ocrx_word' id='word_1_178' title='bbox 133 2464 343 2522; x_wconf 78' lang='lat' dir='ltr'><strong>consentiens:</strong></span> <span class='ocrx_word' id='word_1_179' title='bbox 370 2465 452 2535; x_wconf 84' lang='lat' dir='ltr'><strong>quod</strong></span> <span class='ocrx_word' id='word_1_180' title='bbox 477 2453 595 2534; x_wconf 72' lang='lat' dir='ltr'><strong>lasere,</strong></span> <span class='ocrx_word' id='word_1_181' title='bbox 620 2468 702 2538; x_wconf 90' lang='lat' dir='ltr'><strong>quod</strong></span> <span class='ocrx_word' id='word_1_182' title='bbox 731 2468 761 2522; x_wconf 89' lang='lat' dir='ltr'><strong>in</strong></span> <span class='ocrx_word' id='word_1_183' title='bbox 783 2483 816 2522; x_wconf 83' lang='lat' dir='ltr'><strong>se</strong></span> <span class='ocrx_word' id='word_1_184' title='bbox 841 2475 909 2534; x_wconf 85' lang='lat' dir='ltr'><strong>est,</strong></span> <span class='ocrx_word' id='word_1_185' title='bbox 935 2468 975 2524; x_wconf 85' lang='lat' dir='ltr'><strong>sit</strong></span> <span class='ocrx_word' id='word_1_186' title='bbox 994 2481 1145 2540; x_wconf 78' lang='lat' dir='ltr'><strong>peceare,</strong></span> 
     </span>
     <span class='ocr_line' id='line_1_25' title="bbox 76 2558 1144 2634; baseline 0.002 -23"><span class='ocrx_word' id='word_1_187' title='bbox 76 2567 109 2612; x_wconf 89' lang='lat' dir='ltr'><strong>et</strong></span> <span class='ocrx_word' id='word_1_188' title='bbox 142 2559 227 2629; x_wconf 89' lang='lat' dir='ltr'><strong>quod</strong></span> <span class='ocrx_word' id='word_1_189' title='bbox 257 2558 387 2614; x_wconf 86' lang='lat' dir='ltr'><strong>liberum</strong></span> <span class='ocrx_word' id='word_1_190' title='bbox 417 2558 573 2615; x_wconf 83' lang='lat' dir='ltr'><strong>arbitrium</strong></span> <span class='ocrx_word' id='word_1_191' title='bbox 604 2561 668 2618; x_wconf 91' lang='lat' dir='ltr'><strong>sine</strong></span> <span class='ocrx_word' id='word_1_192' title='bbox 696 2563 800 2632; x_wconf 84' lang='lat' dir='ltr'><strong>gratia</strong></span> <span class='ocrx_word' id='word_1_193' title='bbox 819 2562 894 2616; x_wconf 92' lang='lat' dir='ltr'><strong>nihil</strong></span> <span class='ocrx_word' id='word_1_194' title='bbox 923 2559 988 2624; x_wconf 77' lang='lat' dir='ltr'><strong>nisi&#39;</strong></span> <span class='ocrx_word' id='word_1_195' title='bbox 1009 2577 1144 2634; x_wconf 78' lang='lat' dir='ltr'><strong>peccare</strong></span> 
     </span>
     <span class='ocr_line' id='line_1_26' title="bbox 74 2642 1145 2729; baseline 0.003 -24"><span class='ocrx_word' id='word_1_196' title='bbox 74 2649 196 2722; x_wconf 81' lang='lat' dir='ltr'><strong>possit,</strong></span> <span class='ocrx_word' id='word_1_197' title='bbox 222 2663 251 2705; x_wconf 86' lang='lat' dir='ltr'><strong>et</strong></span> <span class='ocrx_word' id='word_1_198' title='bbox 270 2653 352 2724; x_wconf 88' lang='lat' dir='ltr'><strong>quod</strong></span> <span class='ocrx_word' id='word_1_199' title='bbox 371 2653 402 2708; x_wconf 87' lang='lat' dir='ltr'><strong>in</strong></span> <span class='ocrx_word' id='word_1_200' title='bbox 420 2655 501 2708; x_wconf 90' lang='lat' dir='ltr'><strong>omni</strong></span> <span class='ocrx_word' id='word_1_201' title='bbox 522 2670 614 2726; x_wconf 85' lang='lat' dir='ltr'><strong>opere</strong></span> <span class='ocrx_word' id='word_1_202' title='bbox 633 2642 716 2712; x_wconf 83' lang='lat' dir='ltr'><strong>bono</strong></span> <span class='ocrx_word' id='word_1_203' title='bbox 735 2657 775 2713; x_wconf 88' lang='lat' dir='ltr'><strong>sit</strong></span> <span class='ocrx_word' id='word_1_204' title='bbox 795 2666 971 2729; x_wconf 84' lang='lat' dir='ltr'><strong>peecatum,</strong></span> <span class='ocrx_word' id='word_1_205' title='bbox 1006 2667 1039 2712; x_wconf 86' lang='lat' dir='ltr'><strong>et</strong></span> <span class='ocrx_word' id='word_1_206' title='bbox 1059 2654 1145 2727; x_wconf 85' lang='lat' dir='ltr'><strong>quod</strong></span> 
     </span>
     <span class='ocr_line' id='line_1_27' title="bbox 77 2741 1146 2832; baseline 0.004 -35"><span class='ocrx_word' id='word_1_207' title='bbox 77 2744 203 2813; x_wconf 81' lang='lat' dir='ltr'><strong>fucere,</strong></span> <span class='ocrx_word' id='word_1_208' title='bbox 221 2741 329 2818; x_wconf 85' lang='lat' dir='ltr'><strong>quod&#39;</strong></span> <span class='ocrx_word' id='word_1_209' title='bbox 322 2765 351 2802; x_wconf 85' lang='lat' dir='ltr'><strong>ro</strong></span> <span class='ocrx_word' id='word_1_210' title='bbox 372 2765 405 2804; x_wconf 83' lang='lat' dir='ltr'><strong>se</strong></span> <span class='ocrx_word' id='word_1_211' title='bbox 424 2758 471 2804; x_wconf 87' lang='lat' dir='ltr'><strong>est</strong></span> <span class='ocrx_word' id='word_1_212' title='bbox 488 2750 658 2822; x_wconf 83' lang='lat' dir='ltr'><strong>disponenti</strong></span> <span class='ocrx_word' id='word_1_213' title='bbox 677 2753 712 2808; x_wconf 89' lang='lat' dir='ltr'><strong>ad</strong></span> <span class='ocrx_word' id='word_1_214' title='bbox 731 2751 875 2820; x_wconf 80' lang='lat' dir='ltr'><strong>gratiam,</strong></span> <span class='ocrx_word' id='word_1_215' title='bbox 893 2751 932 2805; x_wconf 90' lang='lat' dir='ltr'><strong>sit</strong></span> <span class='ocrx_word' id='word_1_216' title='bbox 952 2751 1020 2832; x_wconf 75' lang='lat' dir='ltr'><strong>ipse</strong></span> <span class='ocrx_word' id='word_1_217' title='bbox 1038 2747 1146 2820; x_wconf 80' lang='lat' dir='ltr'><strong>gratia.</strong></span> 
     </span>
    </p>

    <p class='ocr_par' dir='ltr' id='par_1_5' title="bbox 18 2836 1306 3291">
     <span class='ocr_line' id='line_1_28' title="bbox 18 2836 1146 2914; baseline 0.002 -22"><span class='ocrx_word' id='word_1_218' title='bbox 18 2875 21 2880; x_wconf 24' lang='grc' dir='ltr'><strong>Δ</strong></span> <span class='ocrx_word' id='word_1_219' title='bbox 74 2836 157 2909; x_wconf 80' lang='lat' dir='ltr'><strong>Quae</strong></span> <span class='ocrx_word' id='word_1_220' title='bbox 183 2842 283 2896; x_wconf 80' lang='lat' dir='ltr'><strong>omnia</strong></span> <span class='ocrx_word' id='word_1_221' title='bbox 310 2837 506 2898; x_wconf 78' lang='lat' dir='ltr'><strong>soholsstiei</strong></span> <span class='ocrx_word' id='word_1_222' title='bbox 514 2853 632 2914; x_wconf 82' lang='lat' dir='ltr'><strong>negent.</strong></span> <span class='ocrx_word' id='word_1_223' title='bbox 675 2845 718 2901; x_wconf 87' lang='lat' dir='ltr'><strong>Et</strong></span> <span class='ocrx_word' id='word_1_224' title='bbox 745 2847 785 2901; x_wconf 80' lang='lat' dir='ltr'><strong>itu</strong></span> <span class='ocrx_word' id='word_1_225' title='bbox 811 2845 884 2900; x_wconf 88' lang='lat' dir='ltr'><strong>nihil</strong></span> <span class='ocrx_word' id='word_1_226' title='bbox 906 2843 1038 2901; x_wconf 81' lang='lat' dir='ltr'><strong>fertus</strong></span> <span class='ocrx_word' id='word_1_227' title='bbox 1031 2861 1063 2899; x_wconf 88' lang='lat' dir='ltr'><strong>m</strong></span> <span class='ocrx_word' id='word_1_228' title='bbox 1087 2843 1146 2897; x_wconf 79' lang='lat' dir='ltr'><strong>isto</strong></span> 
     </span>
     <span class='ocr_line' id='line_1_29' title="bbox 75 2921 1268 3012; baseline 0.002 -24"><span class='ocrx_word' id='word_1_229' title='bbox 75 2933 282 3004; x_wconf 82' lang='lat' dir='ltr'><strong>disputatione</strong></span> <span class='ocrx_word' id='word_1_230' title='bbox 305 2945 467 2992; x_wconf 84' lang='lat' dir='ltr'><strong>tractatum</strong></span> <span class='ocrx_word' id='word_1_231' title='bbox 496 2947 542 2994; x_wconf 89' lang='lat' dir='ltr'><strong>est</strong></span> <span class='ocrx_word' id='word_1_232' title='bbox 559 2921 665 2994; x_wconf 83' lang='lat' dir='ltr'><strong>saltem</strong></span> <span class='ocrx_word' id='word_1_233' title='bbox 688 2941 793 3009; x_wconf 81' lang='lat' dir='ltr'><strong>digne,</strong></span> <span class='ocrx_word' id='word_1_234' title='bbox 818 2947 928 3010; x_wconf 83' lang='lat' dir='ltr'><strong>praeter</strong></span> <span class='ocrx_word' id='word_1_235' title='bbox 950 2935 1145 3012; x_wconf 68' lang='lat' dir='ltr'><strong>propositio</strong></span> <span class='ocrx_word' id='word_1_236' title='bbox 1210 2943 1213 2950; x_wconf 83' lang='grc'><strong>’</strong></span> <span class='ocrx_word' id='word_1_237' title='bbox 1264 2927 1268 2940; x_wconf 82' lang='lat'>&#39;</span> 
     </span>
     <span class='ocr_line' id='line_1_30' title="bbox 73 3013 1144 3104; baseline 0.005 -23"><span class='ocrx_word' id='word_1_238' title='bbox 73 3045 146 3082; x_wconf 85' lang='lat' dir='ltr'><strong>nem</strong></span> <span class='ocrx_word' id='word_1_239' title='bbox 175 3045 275 3084; x_wconf 83' lang='lat' dir='ltr'><strong>meam</strong></span> <span class='ocrx_word' id='word_1_240' title='bbox 303 3032 450 3086; x_wconf 81' lang='lat' dir='ltr'><strong>desimam</strong></span> <span class='ocrx_word' id='word_1_241' title='bbox 474 3013 606 3089; x_wconf 85' lang='lat' dir='ltr'><strong>tertiam.</strong></span> <span class='ocrx_word' id='word_1_242' title='bbox 653 3033 778 3088; x_wconf 88' lang='lat' dir='ltr'><strong>Interim</strong></span> <span class='ocrx_word' id='word_1_243' title='bbox 808 3041 907 3086; x_wconf 88' lang='lat' dir='ltr'><strong>tamen</strong></span> <span class='ocrx_word' id='word_1_244' title='bbox 936 3033 992 3088; x_wconf 86' lang='lat' dir='ltr'><strong>i&#39;lle</strong></span> <span class='ocrx_word' id='word_1_245' title='bbox 1022 3032 1144 3104; x_wconf 83' lang='lat' dir='ltr'><strong>placet,</strong></span> 
     </span>
     <span class='ocr_line' id='line_1_31' title="bbox 73 3118 1306 3196; baseline 0.002 -20"><span class='ocrx_word' id='word_1_246' title='bbox 73 3124 246 3196; x_wconf 86' lang='lat' dir='ltr'><strong>triumphat</strong></span> <span class='ocrx_word' id='word_1_247' title='bbox 264 3135 295 3180; x_wconf 87' lang='lat' dir='ltr'><strong>er</strong></span> <span class='ocrx_word' id='word_1_248' title='bbox 312 3135 436 3196; x_wconf 80' lang='lat' dir='ltr'><strong>regnat,</strong></span> <span class='ocrx_word' id='word_1_249' title='bbox 455 3127 509 3182; x_wconf 86' lang='lat' dir='ltr'><strong>sed</strong></span> <span class='ocrx_word' id='word_1_250' title='bbox 524 3128 623 3182; x_wconf 82' lang='lat' dir='ltr'><strong>donee</strong></span> <span class='ocrx_word' id='word_1_251' title='bbox 640 3125 821 3181; x_wconf 80' lang='lat' dir='ltr'><strong>ediderimus</strong></span> <span class='ocrx_word' id='word_1_252' title='bbox 842 3139 899 3181; x_wconf 84' lang='lat' dir='ltr'><strong>nos</strong></span> <span class='ocrx_word' id='word_1_253' title='bbox 914 3137 1037 3183; x_wconf 79' lang='lat' dir='ltr'><strong>mostra.</strong></span> <span class='ocrx_word' id='word_1_254' title='bbox 1063 3123 1144 3178; x_wconf 83' lang='lat' dir='ltr'><strong>Nom</strong></span> <span class='ocrx_word' id='word_1_255' title='bbox 1192 3132 1200 3172; x_wconf 83' lang='lat' dir='ltr'><strong>l</strong></span> <span class='ocrx_word' id='word_1_256' title='bbox 1298 3118 1306 3137; x_wconf 85' lang='lat'><strong><em>¹</em></strong></span> 
     </span>
     <span class='ocr_line' id='line_1_32' title="bbox 73 3219 984 3291; baseline 0.005 -20"><span class='ocrx_word' id='word_1_257' title='bbox 73 3219 143 3289; x_wconf 89' lang='lat' dir='ltr'><strong>quia</strong></span> <span class='ocrx_word' id='word_1_258' title='bbox 165 3219 245 3273; x_wconf 79' lang='lat' dir='ltr'><strong>male</strong></span> <span class='ocrx_word' id='word_1_259' title='bbox 262 3220 446 3291; x_wconf 83' lang='lat' dir='ltr'><strong>disputatum</strong></span> <span class='ocrx_word' id='word_1_260' title='bbox 465 3232 528 3290; x_wconf 85' lang='lat' dir='ltr'><strong>est,</strong></span> <span class='ocrx_word' id='word_1_261' title='bbox 547 3223 632 3276; x_wconf 85' lang='lat' dir='ltr'><strong>edam</strong></span> <span class='ocrx_word' id='word_1_262' title='bbox 648 3221 852 3275; x_wconf 86' lang='lat' dir='ltr'><strong>resolutiones</strong></span> <span class='ocrx_word' id='word_1_263' title='bbox 868 3221 924 3274; x_wconf 88' lang='lat' dir='ltr'><strong>den</strong></span> <span class='ocrx_word' id='word_1_264' title='bbox 935 3237 984 3276; x_wconf 83' lang='lat' dir='ltr'><strong>uo.</strong></span> 
     </span>
    </p>

    <p class='ocr_par' dir='ltr' id='par_1_6' title="bbox 64 3311 1370 4148">
     <span class='ocr_line' id='line_1_33' title="bbox 146 3311 1216 3388; baseline -0.003 -21"><span class='ocrx_word' id='word_1_265' title='bbox 146 3311 311 3382; x_wconf 75' lang='lat' dir='ltr'><strong>Lipsenses</strong></span> <span class='ocrx_word' id='word_1_266' title='bbox 339 3331 410 3370; x_wconf 82' lang='lat' dir='ltr'><strong>sune</strong></span> <span class='ocrx_word' id='word_1_267' title='bbox 436 3331 493 3373; x_wconf 81' lang='lat' dir='ltr'><strong>nos</strong></span> <span class='ocrx_word' id='word_1_268' title='bbox 523 3331 621 3388; x_wconf 84' lang='lat' dir='ltr'><strong>neque</strong></span> <span class='ocrx_word' id='word_1_269' title='bbox 646 3315 813 3382; x_wconf 71' lang='lat' dir='ltr'><strong>salutarunt</strong></span> <span class='ocrx_word' id='word_1_270' title='bbox 837 3331 941 3386; x_wconf 86' lang='lat' dir='ltr'><strong>neque</strong></span> <span class='ocrx_word' id='word_1_271' title='bbox 967 3315 1144 3380; x_wconf 83' lang='lat' dir='ltr'><strong>visitarunt,</strong></span> <span class='ocrx_word' id='word_1_272' title='bbox 1213 3355 1216 3364; x_wconf 88' lang='lat'>.</span> 
     </span>
     <span class='ocr_line' id='line_1_34' title="bbox 71 3402 1144 3491; baseline 0.002 -32"><span class='ocrx_word' id='word_1_273' title='bbox 71 3421 108 3460; x_wconf 78' lang='lat' dir='ltr'><strong>se</strong></span> <span class='ocrx_word' id='word_1_274' title='bbox 129 3407 216 3462; x_wconf 79' lang='lat' dir='ltr'><strong>velut</strong></span> <span class='ocrx_word' id='word_1_275' title='bbox 234 3402 342 3464; x_wconf 83' lang='lat' dir='ltr'><strong>hostes</strong></span> <span class='ocrx_word' id='word_1_276' title='bbox 361 3411 560 3466; x_wconf 77' lang='lat' dir='ltr'><strong>invisissimos</strong></span> <span class='ocrx_word' id='word_1_277' title='bbox 581 3411 768 3468; x_wconf 83' lang='lat' dir='ltr'><strong>habuerunt:</strong></span> <span class='ocrx_word' id='word_1_278' title='bbox 794 3409 877 3491; x_wconf 75' lang='lat' dir='ltr'><strong>illum</strong></span> <span class='ocrx_word' id='word_1_279' title='bbox 898 3407 1144 3474; x_wconf 71' lang='lat' dir='ltr'><strong>eomitabantur,</strong></span> 
     </span>
     <span class='ocr_line' id='line_1_35' title="bbox 67 3484 1203 3578; baseline -0.001 -24"><span class='ocrx_word' id='word_1_280' title='bbox 67 3484 574 3574; x_wconf 47' lang='lat' dir='ltr'><strong>adhaerebunt,&#39;&#39;convivabantun</strong></span> <span class='ocrx_word' id='word_1_281' title='bbox 599 3505 784 3576; x_wconf 77' lang='lat' dir='ltr'><strong>invitabant,</strong></span> <span class='ocrx_word' id='word_1_282' title='bbox 810 3504 945 3578; x_wconf 79' lang='lat' dir='ltr'><strong>denique</strong></span> <span class='ocrx_word' id='word_1_283' title='bbox 967 3503 1068 3558; x_wconf 81' lang='lat' dir='ltr'><strong>tunica</strong></span> <span class='ocrx_word' id='word_1_284' title='bbox 1090 3501 1145 3556; x_wconf 92' lang='lat' dir='ltr'><strong>do.</strong></span> <span class='ocrx_word' id='word_1_285' title='bbox 1201 3503 1203 3506; x_wconf 83' lang='lat'>&#39;</span> 
     </span>
     <span class='ocr_line' id='line_1_36' title="bbox 64 3585 1210 3672; baseline 0 -23"><span class='ocrx_word' id='word_1_286' title='bbox 64 3607 184 3652; x_wconf 79' lang='lat' dir='ltr'><strong>nerunt</strong></span> <span class='ocrx_word' id='word_1_287' title='bbox 200 3605 231 3652; x_wconf 85' lang='lat' dir='ltr'><strong>et</strong></span> <span class='ocrx_word' id='word_1_288' title='bbox 251 3585 468 3656; x_wconf 71' lang='lat' dir='ltr'><strong>sohamlott&#39;um</strong></span> <span class='ocrx_word' id='word_1_289' title='bbox 485 3601 679 3670; x_wconf 88' lang='lat' dir='ltr'><strong>addiderunt,</strong></span> <span class='ocrx_word' id='word_1_290' title='bbox 698 3617 768 3654; x_wconf 85' lang='lat' dir='ltr'><strong>curn</strong></span> <span class='ocrx_word' id='word_1_291' title='bbox 788 3600 854 3672; x_wconf 82' lang='lat' dir='ltr'><strong>ipso</strong></span> <span class='ocrx_word' id='word_1_292' title='bbox 877 3599 1043 3672; x_wconf 74' lang='lat' dir='ltr'><strong>spatiatum</strong></span> <span class='ocrx_word' id='word_1_293' title='bbox 1060 3595 1145 3668; x_wconf 85' lang='lat' dir='ltr'><strong>equi.</strong></span> <span class='ocrx_word' id='word_1_294' title='bbox 1203 3593 1210 3608; x_wconf 86' lang='grc'><strong>“</strong></span> 
     </span>
     <span class='ocr_line' id='line_1_37' title="bbox 64 3676 1370 3794; baseline 0.003 -52"><span class='ocrx_word' id='word_1_295' title='bbox 64 3697 198 3747; x_wconf 62' lang='lat' dir='ltr'><strong>terunt}</strong></span> <span class='ocrx_word' id='word_1_296' title='bbox 227 3691 391 3794; x_wconf 66' lang='lat' dir='ltr'><strong>breuiter,</strong></span> <span class='ocrx_word' id='word_1_297' title='bbox 417 3697 560 3769; x_wconf 85' lang='lat' dir='ltr'><strong>quicquid</strong></span> <span class='ocrx_word' id='word_1_298' title='bbox 584 3696 718 3766; x_wconf 76' lang='lat' dir='ltr'><strong>cogitare</strong></span> <span class='ocrx_word' id='word_1_299' title='bbox 740 3705 931 3768; x_wconf 62' lang='lat' dir='ltr'><strong>potueruut?</strong></span> <span class='ocrx_word' id='word_1_300' title='bbox 959 3696 990 3751; x_wconf 90' lang='lat' dir='ltr'><strong>in</strong></span> <span class='ocrx_word' id='word_1_301' title='bbox 1009 3703 1144 3749; x_wconf 77' lang='lat' dir='ltr'><strong>nostram</strong></span> <span class='ocrx_word' id='word_1_302' title='bbox 1189 3676 1193 3691; x_wconf 63' lang='lat'>⁸</span> <span class='ocrx_word' id='word_1_303' title='bbox 1358 3707 1370 3746; x_wconf 74' lang='lat' dir='ltr'><strong>a</strong></span> 
     </span>
     <span class='ocr_line' id='line_1_38' title="bbox 64 3781 446 3855; baseline 0.016 -17"><span class='ocrx_word' id='word_1_304' title='bbox 64 3784 213 3855; x_wconf 83' lang='lat' dir='ltr'><strong>injuriam</strong></span> <span class='ocrx_word' id='word_1_305' title='bbox 233 3781 446 3844; x_wconf 82' lang='lat' dir='ltr'><strong>teut&#39;uverunt.¹</strong></span> 
     </span>
     <span class='ocr_line' id='line_1_39' title="bbox 73 3876 1143 3955; baseline 0 -23"><span class='ocrx_word' id='word_1_306' title='bbox 73 3893 78 3912; x_wconf 76' lang='lat'><em>⁶</em></span> <span class='ocrx_word' id='word_1_307' title='bbox 139 3876 396 3937; x_wconf 86' lang='lat' dir='ltr'><strong>Persuaserunt</strong></span> <span class='ocrx_word' id='word_1_308' title='bbox 387 3899 512 3955; x_wconf 80' lang='lat' dir='ltr'><strong>insuper</strong></span> <span class='ocrx_word' id='word_1_309' title='bbox 532 3884 641 3940; x_wconf 74' lang='lat' dir='ltr'><strong>Caesari</strong></span> <span class='ocrx_word' id='word_1_310' title='bbox 664 3881 749 3953; x_wconf 85' lang='lat' dir='ltr'><strong>Pdug</strong></span> <span class='ocrx_word' id='word_1_311' title='bbox 777 3893 808 3937; x_wconf 84' lang='lat' dir='ltr'><strong>et</strong></span> <span class='ocrx_word' id='word_1_312' title='bbox 834 3879 994 3955; x_wconf 84' lang='lat' dir='ltr'><strong>Principi,</strong></span> <span class='ocrx_word' id='word_1_313' title='bbox 1022 3891 1055 3934; x_wconf 87' lang='lat' dir='ltr'><strong>ut</strong></span> <span class='ocrx_word' id='word_1_314' title='bbox 1077 3883 1143 3934; x_wconf 85' lang='lat' dir='ltr'><strong>haeo</strong></span> 
     </span>
     <span class='ocr_line' id='line_1_40' title="bbox 64 3960 1176 4048; baseline 0.002 -24"><span class='ocrx_word' id='word_1_315' title='bbox 64 3971 239 4042; x_wconf 81' lang='lat' dir='ltr'><strong>placerent.</strong></span> <span class='ocrx_word' id='word_1_316' title='bbox 277 3975 379 4030; x_wconf 89' lang='lat' dir='ltr'><strong>Unum</strong></span> <span class='ocrx_word' id='word_1_317' title='bbox 396 3977 485 4034; x_wconf 87' lang='lat' dir='ltr'><strong>nobis</strong></span> <span class='ocrx_word' id='word_1_318' title='bbox 508 3979 733 4048; x_wconf 76' lang='lat' dir='ltr'><strong>praestiterunt,</strong></span> <span class='ocrx_word' id='word_1_319' title='bbox 759 3977 840 4048; x_wconf 87' lang='lat' dir='ltr'><strong>quod</strong></span> <span class='ocrx_word' id='word_1_320' title='bbox 863 3979 948 4032; x_wconf 89' lang='lat' dir='ltr'><strong>duno</strong></span> <span class='ocrx_word' id='word_1_321' title='bbox 974 3976 1033 4030; x_wconf 82' lang='lat' dir='ltr'><strong>vini</strong></span> <span class='ocrx_word' id='word_1_322' title='bbox 1059 3960 1071 4033; x_wconf 60' lang='lat' dir='ltr'><strong>i</strong></span> <span class='ocrx_word' id='word_1_323' title='bbox 1082 3989 1176 4043; x_wconf 89' lang='lat' dir='ltr'><strong>pro</strong></span> 
     </span>
     <span class='ocr_line' id='line_1_41' title="bbox 65 4067 1139 4148; baseline -0.001 -26"><span class='ocrx_word' id='word_1_324' title='bbox 65 4067 187 4135; x_wconf 90' lang='lat' dir='ltr'><strong>more)</strong></span> <span class='ocrx_word' id='word_1_325' title='bbox 208 4084 265 4125; x_wconf 87' lang='lat' dir='ltr'><strong>uos</strong></span> <span class='ocrx_word' id='word_1_326' title='bbox 286 4069 497 4129; x_wconf 81' lang='lat' dir='ltr'><strong>honorarunt:</strong></span> <span class='ocrx_word' id='word_1_327' title='bbox 516 4089 615 4148; x_wconf 84' lang='lat' dir='ltr'><strong>neque</strong></span> <span class='ocrx_word' id='word_1_328' title='bbox 633 4073 663 4129; x_wconf 89' lang='lat' dir='ltr'><strong>id</strong></span> <span class='ocrx_word' id='word_1_329' title='bbox 679 4071 821 4128; x_wconf 83' lang='lat' dir='ltr'><strong>omittere</strong></span> <span class='ocrx_word' id='word_1_330' title='bbox 836 4071 900 4131; x_wconf 80' lang='lat' dir='ltr'><strong>illlis</strong></span> <span class='ocrx_word' id='word_1_331' title='bbox 921 4071 1002 4127; x_wconf 74' lang='lat' dir='ltr'><strong>torte</strong></span> <span class='ocrx_word' id='word_1_332' title='bbox 1022 4069 1139 4126; x_wconf 84' lang='lat' dir='ltr'><strong>salvum</strong></span> 
     </span>
    </p>
   </div>
   <div class='ocr_carea' id='block_1_2' title="bbox 0 0 1382 4558">
    <p class='ocr_par' dir='ltr' id='par_1_7' title="bbox 0 0 1382 4558">
     <span class='ocr_line' id='line_1_42' title="bbox 0 0 1382 4558; baseline 0 1"><span class='ocrx_word' id='word_1_333' title='bbox 0 0 1382 4558; x_wconf 95' lang='lat' dir='ltr'><strong> </strong></span> 
     </span>
    </p>
   </div>
  </div>
 </body>
</html>
