2716 4556
495 393 499 407 ,
549 311 643 392 idid·
784 353 787 358 ·
1066 321 1128 392 845

73 477 296 538 Trevlreneem
312 473 447 552 judiceris
465 493 562 536 censs
578 479 685 550 hujtts.
705 478 743 538 de
759 479 917 554 jndice,
908 493 1028 554 inquam
1037 519 1048 552 ,
1066 483 1135 596 ΙιοΙι

75 576 137 636 luit
152 576 288 644 mentio,
307 579 346 632 de
366 577 555 648 profectione
572 575 660 636 nihil

147 685 252 752 Adde,
272 686 354 755 quod
376 687 455 742 idem
478 685 604 748 Carolus
625 686 722 756 dixit,
741 701 774 744 se
793 703 854 744 non
876 685 1057 756 Treverim,
1075 687 1129 745 sed

72 777 213 836 Romam
228 793 303 835 mox
320 777 382 835 lroc
400 779 506 834 itinere
523 781 747 856 profecturum,
768 789 857 854 etque
878 797 912 837 se
929 782 993 854 jum
1010 783 1134 854 expedi.

74 873 162 929 visse
182 889 267 928 sunm
284 873 548 943 commissionem,
574 891 663 947 quem
686 891 725 932 ex
743 874 822 932 urbe'
835 874 1012 956 habuisset..
1033 875 1131 932 Deni-

75 983 141 1038 que
170 983 227 1036 ego
255 967 423 1040 suspicatus
450 968 510 1036 fui,
540 985 601 1026 non
620 968 660 1025 ob
685 969 761 1026 eliud
785 985 855 1026 eum
876 969 1009 1028 voluisse
1033 969 1132 1025 denuo
1157 1015 1160 1020 .

74 1077 203 1118 mecum
222 1061 370 1134 personali
389 1063 545 1134 presentie
565 1064 602 1118 de
622 1079 656 1118 re
672 1063 736 1136 jem
757 1065 807 1120 dlu
831 1073 913 1120 cortu
930 1063 1024 1135 loqui,
1042 1079 1133 1135 quem

76 1163 115 1210 ut
139 1155 171 1210 in
190 1147 447 1228 ‘prbem'rediens
474 1155 619 1224 haberet,
647 1172 707 1227 quo
737 1158 918 1227 diligentiam
942 1171 1027 1213 sunm
1048 1173 1135 1213 corn.
1191 1211 1196 1224 ,

74 1249 255 1317 mendnret,
282 1249 425 1306 videlicet
444 1251 495 1322 qui
519 1267 580 1308 non
599 1251 693 1308 semet
714 1266 835 1308 mecum
857 1251 967 1322 egisset
990 1266 1135 1332 peropus·

76 1341 169 1411 liter,
188 1343 346 1416 omniaque
365 1353 529 1412 tentasset,
548 1361 613 1417 quae
629 1325 787 1418 potuisset.

150 1451 264 1510 Verum
280 1456 373 1512 credo
393 1457 570 1512 frustratum
588 1473 642 1516 eun
661 1473 714 1530 spe
733 1458 773 1513 its
792 1429 896 1528 nuperi
917 1471 978 1536 pre
997 1457 1132 1528 angustia

77 1549 291 1619 conscientie,
314 1557 364 1605 aut
385 1561 473 1605 more
492 1567 549 1607 suo
567 1551 704 1608 fabulari.
746 1551 854 1608 Talem
874 1554 954 1612 enim
972 1550 1062 1610 nobis
1082 1553 1135 1608 de.
1256 1567 1258 1574 ’

77 1645 203 1716 scripsit
230 1643 296 1699 heri
317 1644 347 1700 in
372 1645 495 1716 prandio
516 1645 641 1704 Ductor
663 1645 784 1718 quidem
808 1645 994 1719 Propositus
1015 1643 1133 1702 Colles·-
1219 1703 1227 1718 ‚

76 1738 240 1808 burgensis
249 1736 449 1802 Pomeranus,
463 1741 513 1811 qui
532 1757 571 1796 ex
589 1740 666 1796 urbe
682 1741 803 1798 veniens
818 1753 939 1798 mecum
956 1741 1033 1816 apud
1047 1739 1137 1798 Prin.
1173 1751 1176 1760 ’

77 1833 180 1905 cipem
198 1833 400 1890 Pomerenum
418 1833 584 1890 Rectorem
602 1844 740 1892 nostrum
760 1849 888 1906 pransus
906 1833 1034 1905 retulit,
1063 1851 1136 1892 eun.

78 1927 198 1984 demin
218 1927 295 1983 urbe
312 1945 383 2000 pro,
402 1929 504 1983 nescio
525 1944 605 2000 quo,
620 1927 737 1984 heberi.
771 1927 911 1988 ,lacteae
925 1929 1006 1986 enim
1020 1927 1133 1991 ibidem

78 2034 148 2079 sese
164 2023 202 2078 de
221 2021 358 2078 affinitate
371 2021 494 2078 Ducum
512 2021 665 2090 saxonie,
684 2021 743 2090 ite,
760 2029 794 2100 ut
817 2007 928 2094 pnelh
946 2019 1023 2096 epud
1038 2021 1134 2080 Italos

77 2115 118 2170 de
139 2126 263 2190 parente
283 2115 373 2172 Duce
390 2117 527 2170 Saxonis
543 2113 595 2184 (id
616 2123 682 2186 est,
707 2115 745 2170 de
766 2113 917 2186 parentela
934 2113 1058 2172 Ducum
1077 2115 1137 2172 Su:

78 2209 205 2282 xoniae)
223 2210 312 2266 luerit
333 2209 522 2284 appellatus„
535 2217 565 2264 et
581 2209 674 2264 multa
692 2209 747 2264 elin
764 2204 889 2266 ridlettla
907 2217 939 2266 et
958 2221 1047 2266 vens:
1064 2205 1137 2266 bre.

79 2305 179 2371 viter,
203 2305 297 2364 homo
322 2304 508 2370 miserendus
535 2311 596 2374 est,
621 2302 753 2362 ludibrIo
779 2303 829 2362 illc
852 2303 967 2384 passim
994 2301 1135 2374 habitus,

79 2399 138 2456 hic
155 2399 309 2457 habendus
324 2399 473 2478 similiter.
852 2381 855 2393 ¹

153 2510 267 2576 Retulit
284 2513 365 2569 idem
384 2513 524 2581 Ductor,
551 2513 643 2572 fuisse
663 2513 805 2594 traditum
832 2507 859 2568 ei
886 2505 987 2568 nav·
1010 2517 1135 2584 aposto.

80 2605 176 2662 licum
191 2622 292 2678 rosam
305 2607 449 2677 allaturo,
467 2609 496 2664 iu
517 2625 579 2681 quo
599 2609 625 2664 ei
647 2599 1138 2676 maurimonasterium.

79 2701 143 2772 cipi
160 2699 205 2758 sic
224 2702 369 2770 offerret,
393 2709 427 2760 ut
448 2701 616 2758 Martinum
634 2701 769 2764 vicissim
786 2683 936 2768 mitteret,
963 2695 1135 2770 ntssatqu·

78 2793 123 2850 ita
146 2811 349 2866 progressum,
368 2795 423 2854 nisi
441 2797 572 2868 prudens
592 2793 715 2874 quidam
730 2792 894 2848 cardinalis
907 2787 1135 2851 intematum.

79 2887 135 2962 qui
155 2887 236 2944 lecto
256 2889 444 2959 Brerirdixit
461 2891 558 2947 multo
574 2889 755 2946 stomacho:
770 2887 895 2957 puerine
914 2895 1021 2945 omnes
1045 2882 1137 2952 esus,

79 3001 119 3038 an
143 2983 256 3054 insani,
285 2993 318 3040 ut
344 2984 527 3040 monachum
552 2999 653 3039 emere
671 2981 830 3060 tentetiss
852 2977 1020 3050 Principe?
1047 2983 1140 3051 etque
1210 3051 1215 3060 ὑ

77 3093 157 3132 mox
176 3095 246 3134 eum
263 3078 458 3150 discerpsisse
477 3077 615 3134 menibus
633 3077 765 3150 propriis
785 3073 866 3132 idem
888 3071 997 3133 breve.

156 3188 301 3246 silvester
328 3189 459 3246 Prleries
482 3204 569 3246 meus
594 3195 675 3242 tecet
707 3184 796 3258 (ipso
825 3181 1020 3254 referente),
1058 3178 1134 3238 alius

77 3291 183 3346 eutem
205 3282 370 3356 Cyprianus
388 3283 483 3340 freter
502 3280 680 3340 Parisiensis
697 3277 803 3338 scribit
830 3284 938 3334 contre
962 3291 1033 3344 me,
1057 3287 1143 3338 man.

76 3378 154 3436 dato
176 3375 284 3448 Papae,
308 3377 362 3433 sed
383 3377 511 3434 invitus:
526 3374 649 3440 ‚dixisse
673 3374 752 3430 enirn
774 3386 843 3427 eum
859 3369 955 3427 refert
981 3364 1038 3438 (ut
1057 3365 1137 3426 illine

75 3471 177 3532 verbe
197 3472 323 3544 ponem)
343 3471 425 3544 Papa
444 3471 509 3526 vult
523 3464 561 3536 ²)
579 3467 722 3540 scribam,
738 3467 792 3522 sed
810 3465 890 3522 secio
907 3462 985 3520 mele
1000 3461 1140 3522 libenter.

75 3565 191 3626 Frater
207 3566 256 3622 ille
272 3566 421 3622 verbosus
437 3575 500 3634 eet,
528 3580 589 3620 nou
609 3561 733 3619 tacebit.
768 3557 918 3630 Dialogus
937 3572 1023 3613 meus
1041 3557 1136 3614 durus
1222 3565 1244 3590 ¹¹

78 3669 139 3722 est,
150 3659 229 3731 illis,
248 3669 278 3716 et
293 3659 400 3717 Rome
420 3659 499 3714 bene
517 3649 619 3716 notus.
656 3655 772 3714 [iteres
788 3652 996 3710 Universitetis
1013 3649 1141 3725 Lipsen.

77 3755 127 3812 eie
146 3757 283 3812 nondum
303 3755 418 3812 habeo:
436 3753 536 3810 inveni
556 3745 656 3809 antem
677 3751 776 3810 decue
796 3747 927 3809 hominis
947 3746 1028 3806 lilius
1045 3744 1145 3824 itubiir
