<?xml version="1.0" encoding="UTF-8"?>
<!DOCTYPE html PUBLIC "-//W3C//DTD XHTML 1.0 Transitional//EN"
    "http://www.w3.org/TR/xhtml1/DTD/xhtml1-transitional.dtd">
<html xmlns="http://www.w3.org/1999/xhtml" xml:lang="en" lang="en">
 <head>
  <title>
</title>
<meta http-equiv="Content-Type" content="text/html;charset=utf-8" />
  <meta name='ocr-system' content='tesseract 3.04.00' />
  <meta name='ocr-capabilities' content='ocr_page ocr_carea ocr_par ocr_line ocrx_word'/>
</head>
<body>
  <div class='ocr_page' id='page_1' title='image "./briefesendschre07luthgoog/briefesendschre07luthgoog_0052.png"; bbox 0 0 2766 4550; ppageno 0'>
   <div class='ocr_carea' id='block_1_1' title="bbox 572 267 1138 365">
    <p class='ocr_par' dir='ltr' id='par_1_1' title="bbox 572 267 1138 365">
     <span class='ocr_line' id='line_1_1' title="bbox 572 267 1138 365; baseline 0.023 -28"><span class='ocrx_word' id='word_1_1' title='bbox 572 267 665 340; x_wconf 71' lang='lat' dir='ltr'><strong>sats.</strong></span> <span class='ocrx_word' id='word_1_2' title='bbox 1071 279 1138 365; x_wconf 72' lang='lat' dir='ltr'><strong>,u</strong></span> 
     </span>
    </p>
   </div>
   <div class='ocr_carea' id='block_1_2' title="bbox 86 427 1138 694">
    <p class='ocr_par' dir='ltr' id='par_1_2' title="bbox 86 427 1138 694">
     <span class='ocr_line' id='line_1_2' title="bbox 87 427 1138 512; baseline 0.008 -20"><span class='ocrx_word' id='word_1_3' title='bbox 87 434 198 510; x_wconf 80' lang='lat' dir='ltr'><strong>aliqua,</strong></span> <span class='ocrx_word' id='word_1_4' title='bbox 219 439 254 489; x_wconf 85' lang='lat' dir='ltr'><strong>ut</strong></span> <span class='ocrx_word' id='word_1_5' title='bbox 273 429 401 502; x_wconf 71' lang='lat' dir='ltr'><strong>satage</strong></span> <span class='ocrx_word' id='word_1_6' title='bbox 415 430 555 504; x_wconf 73' lang='lat' dir='ltr'><strong>Baptista</strong></span> <span class='ocrx_word' id='word_1_7' title='bbox 576 441 607 488; x_wconf 89' lang='lat' dir='ltr'><strong>et</strong></span> <span class='ocrx_word' id='word_1_8' title='bbox 627 427 801 490; x_wconf 83' lang='lat' dir='ltr'><strong>coiiacturas</strong></span> <span class='ocrx_word' id='word_1_9' title='bbox 822 439 895 500; x_wconf 74' lang='lat' dir='ltr'><strong>tun,</strong></span> <span class='ocrx_word' id='word_1_10' title='bbox 925 451 998 510; x_wconf 79' lang='lat' dir='ltr'><strong>qnae</strong></span> <span class='ocrx_word' id='word_1_11' title='bbox 1015 449 1138 512; x_wconf 89' lang='lat' dir='ltr'><strong>oportet</strong></span> 
     </span>
     <span class='ocr_line' id='line_1_3' title="bbox 86 526 1138 608; baseline 0.008 -24"><span class='ocrx_word' id='word_1_12' title='bbox 86 539 116 584; x_wconf 87' lang='lat' dir='ltr'><strong>ot</strong></span> <span class='ocrx_word' id='word_1_13' title='bbox 133 529 259 602; x_wconf 84' lang='lat' dir='ltr'><strong>patiaris</strong></span> <span class='ocrx_word' id='word_1_14' title='bbox 280 528 312 584; x_wconf 87' lang='lat' dir='ltr'><strong>in</strong></span> <span class='ocrx_word' id='word_1_15' title='bbox 335 529 478 584; x_wconf 83' lang='lat' dir='ltr'><strong>damnum</strong></span> <span class='ocrx_word' id='word_1_16' title='bbox 501 535 586 582; x_wconf 82' lang='lat' dir='ltr'><strong>tuum</strong></span> <span class='ocrx_word' id='word_1_17' title='bbox 604 526 660 582; x_wconf 87' lang='lat' dir='ltr'><strong>ire.</strong></span> <span class='ocrx_word' id='word_1_18' title='bbox 697 528 878 601; x_wconf 86' lang='lat' dir='ltr'><strong>Hucusque</strong></span> <span class='ocrx_word' id='word_1_19' title='bbox 903 534 981 588; x_wconf 76' lang='lat' dir='ltr'><strong>enini</strong></span> <span class='ocrx_word' id='word_1_20' title='bbox 1003 551 1063 592; x_wconf 87' lang='lat' dir='ltr'><strong>nou</strong></span> <span class='ocrx_word' id='word_1_21' title='bbox 1083 553 1138 608; x_wconf 88' lang='lat' dir='ltr'><strong>po.</strong></span> 
     </span>
     <span class='ocr_line' id='line_1_4' title="bbox 86 620 1137 694; baseline 0.008 -18"><span class='ocrx_word' id='word_1_22' title='bbox 86 623 194 680; x_wconf 64' lang='lat' dir='ltr'><strong>mutus</strong></span> <span class='ocrx_word' id='word_1_23' title='bbox 212 639 249 676; x_wconf 87' lang='lat' dir='ltr'><strong>ea</strong></span> <span class='ocrx_word' id='word_1_24' title='bbox 268 621 450 682; x_wconf 73' lang='lat' dir='ltr'>distrahere.</span> <span class='ocrx_word' id='word_1_25' title='bbox 485 620 710 690; x_wconf 78' lang='lat' dir='ltr'><strong>Assiguavimus</strong></span> <span class='ocrx_word' id='word_1_26' title='bbox 726 623 826 694; x_wconf 84' lang='lat' dir='ltr'><strong>itaque</strong></span> <span class='ocrx_word' id='word_1_27' title='bbox 848 627 986 682; x_wconf 82' lang='lat' dir='ltr'><strong>semitres</strong></span> <span class='ocrx_word' id='word_1_28' title='bbox 1005 628 1137 689; x_wconf 74' lang='lat' dir='ltr'><strong>florenos</strong></span> 
     </span>
    </p>
   </div>
   <div class='ocr_carea' id='block_1_3' title="bbox 18 705 1138 796">
    <p class='ocr_par' dir='ltr' id='par_1_3' title="bbox 18 705 1138 796">
     <span class='ocr_line' id='line_1_5' title="bbox 18 705 1138 796; baseline 0.01 -25"><span class='ocrx_word' id='word_1_29' title='bbox 18 705 19 718; x_wconf 45' lang='lat'><em>*</em></span> <span class='ocrx_word' id='word_1_30' title='bbox 85 733 179 773; x_wconf 79' lang='lat' dir='ltr'><strong>mer.</strong></span> <span class='ocrx_word' id='word_1_31' title='bbox 219 715 292 772; x_wconf 81' lang='lat' dir='ltr'><strong>Pet.</strong></span> <span class='ocrx_word' id='word_1_32' title='bbox 318 714 440 772; x_wconf 67' lang='lat' dir='ltr'><strong>vicario</strong></span> <span class='ocrx_word' id='word_1_33' title='bbox 468 724 524 780; x_wconf 81' lang='lat' dir='ltr'><strong>pro</strong></span> <span class='ocrx_word' id='word_1_34' title='bbox 552 727 601 772; x_wconf 80' lang='lat' dir='ltr'><strong>te:</strong></span> <span class='ocrx_word' id='word_1_35' title='bbox 633 717 670 774; x_wconf 86' lang='lat' dir='ltr'><strong>tie</strong></span> <span class='ocrx_word' id='word_1_36' title='bbox 696 717 815 789; x_wconf 83' lang='lat' dir='ltr'><strong>reliquo</strong></span> <span class='ocrx_word' id='word_1_37' title='bbox 846 717 970 776; x_wconf 82' lang='lat' dir='ltr'><strong>dimidio</strong></span> <span class='ocrx_word' id='word_1_38' title='bbox 1001 723 1138 796; x_wconf 80' lang='lat' dir='ltr'><strong>floreno,</strong></span> 
     </span>
    </p>
   </div>
   <div class='ocr_carea' id='block_1_4' title="bbox 85 807 1141 974">
    <p class='ocr_par' dir='ltr' id='par_1_4' title="bbox 85 807 1141 974">
     <span class='ocr_line' id='line_1_6' title="bbox 85 807 1141 882; baseline 0.012 -18"><span class='ocrx_word' id='word_1_39' title='bbox 85 825 169 882; x_wconf 79' lang='lat' dir='ltr'><strong>quern</strong></span> <span class='ocrx_word' id='word_1_40' title='bbox 191 809 221 865; x_wconf 85' lang='lat' dir='ltr'><strong>ei</strong></span> <span class='ocrx_word' id='word_1_41' title='bbox 241 807 358 878; x_wconf 81' lang='lat' dir='ltr'><strong>debes,</strong></span> <span class='ocrx_word' id='word_1_42' title='bbox 383 819 417 862; x_wconf 90' lang='lat' dir='ltr'><strong>tu</strong></span> <span class='ocrx_word' id='word_1_43' title='bbox 441 807 613 870; x_wconf 72' lang='lat' dir='ltr'>laborabis,</span> <span class='ocrx_word' id='word_1_44' title='bbox 636 819 669 867; x_wconf 85' lang='lat' dir='ltr'><strong>ut</strong></span> <span class='ocrx_word' id='word_1_45' title='bbox 689 811 737 866; x_wconf 81' lang='lat' dir='ltr'><strong>vei</strong></span> <span class='ocrx_word' id='word_1_46' title='bbox 757 811 943 880; x_wconf 71' lang='lat' dir='ltr'><strong>satisfacias,</strong></span> <span class='ocrx_word' id='word_1_47' title='bbox 970 816 1018 870; x_wconf 83' lang='lat' dir='ltr'><strong>vel</strong></span> <span class='ocrx_word' id='word_1_48' title='bbox 1034 821 1141 876; x_wconf 83' lang='lat' dir='ltr'><strong>remis.</strong></span> 
     </span>
     <span class='ocr_line' id='line_1_7' title="bbox 85 901 1140 974; baseline 0.009 -16"><span class='ocrx_word' id='word_1_49' title='bbox 85 905 196 960; x_wconf 86' lang='lat' dir='ltr'><strong>sionem</strong></span> <span class='ocrx_word' id='word_1_50' title='bbox 227 901 326 960; x_wconf 78' lang='lat' dir='ltr'><strong>debiti</strong></span> <span class='ocrx_word' id='word_1_51' title='bbox 353 902 506 974; x_wconf 85' lang='lat' dir='ltr'><strong>impetres.</strong></span> <span class='ocrx_word' id='word_1_52' title='bbox 541 901 624 958; x_wconf 82' lang='lat' dir='ltr'><strong>Sensi</strong></span> <span class='ocrx_word' id='word_1_53' title='bbox 650 905 748 972; x_wconf 90' lang='lat' dir='ltr'><strong>enirn,</strong></span> <span class='ocrx_word' id='word_1_54' title='bbox 774 907 1057 965; x_wconf 85' lang='lat' dir='ltr'><strong>reverendissimum</strong></span> <span class='ocrx_word' id='word_1_55' title='bbox 1082 913 1140 968; x_wconf 81' lang='lat' dir='ltr'><strong>Pa.</strong></span> 
     </span>
    </p>
   </div>
   <div class='ocr_carea' id='block_1_5' title="bbox 85 977 1365 1074">
    <p class='ocr_par' dir='ltr' id='par_1_5' title="bbox 85 977 1365 1074">
     <span class='ocr_line' id='line_1_8' title="bbox 85 977 1365 1074; baseline 0.009 -20"><span class='ocrx_word' id='word_1_56' title='bbox 85 1007 175 1068; x_wconf 77' lang='lat' dir='ltr'><strong>uem,</strong></span> <span class='ocrx_word' id='word_1_57' title='bbox 193 1009 231 1054; x_wconf 89' lang='lat' dir='ltr'><strong>ut</strong></span> <span class='ocrx_word' id='word_1_58' title='bbox 250 999 307 1056; x_wconf 88' lang='lat' dir='ltr'><strong>tibi</strong></span> <span class='ocrx_word' id='word_1_59' title='bbox 325 998 523 1068; x_wconf 85' lang='lat' dir='ltr'><strong>inclinatum,</strong></span> <span class='ocrx_word' id='word_1_60' title='bbox 540 1013 602 1054; x_wconf 87' lang='lat' dir='ltr'><strong>non</strong></span> <span class='ocrx_word' id='word_1_61' title='bbox 620 997 769 1055; x_wconf 84' lang='lat' dir='ltr'><strong>difficilem</strong></span> <span class='ocrx_word' id='word_1_62' title='bbox 786 977 853 1057; x_wconf 71' lang='lat' dir='ltr'><strong>for&#39;o</strong></span> <span class='ocrx_word' id='word_1_63' title='bbox 872 1002 907 1058; x_wconf 83' lang='lat' dir='ltr'><strong>ati</strong></span> <span class='ocrx_word' id='word_1_64' title='bbox 925 1004 1140 1064; x_wconf 75' lang='lat' dir='ltr'><strong>remittendum</strong></span> <span class='ocrx_word' id='word_1_65' title='bbox 1250 1003 1260 1026; x_wconf 56' lang='lat'>⁸</span> <span class='ocrx_word' id='word_1_66' title='bbox 1364 1055 1365 1074; x_wconf 72' lang='lat'><strong>,</strong></span> 
     </span>
    </p>
   </div>
   <div class='ocr_carea' id='block_1_6' title="bbox 85 1093 1141 1357">
    <p class='ocr_par' dir='ltr' id='par_1_6' title="bbox 85 1093 1141 1357">
     <span class='ocr_line' id='line_1_9' title="bbox 85 1093 1115 1166; baseline -0.005 -17"><span class='ocrx_word' id='word_1_67' title='bbox 85 1093 153 1163; x_wconf 88' lang='lat' dir='ltr'><strong>tibi,</strong></span> <span class='ocrx_word' id='word_1_68' title='bbox 174 1094 261 1166; x_wconf 87' lang='lat' dir='ltr'><strong>quod</strong></span> <span class='ocrx_word' id='word_1_69' title='bbox 285 1102 455 1165; x_wconf 70' lang='lat' dir='ltr'><strong>superest·</strong></span> <span class='ocrx_word' id='word_1_70' title='bbox 1113 1149 1115 1154; x_wconf 65' lang='grc'>,</span> 
     </span>
     <span class='ocr_line' id='line_1_10' title="bbox 148 1183 1141 1260; baseline 0.008 -18"><span class='ocrx_word' id='word_1_71' title='bbox 148 1188 304 1242; x_wconf 76' lang='lat' dir='ltr'><strong>Caeterum</strong></span> <span class='ocrx_word' id='word_1_72' title='bbox 333 1187 406 1260; x_wconf 81' lang='lat' dir='ltr'><strong>quid</strong></span> <span class='ocrx_word' id='word_1_73' title='bbox 431 1194 498 1256; x_wconf 83' lang='lat' dir='ltr'><strong>agat</strong></span> <span class='ocrx_word' id='word_1_74' title='bbox 526 1183 624 1242; x_wconf 85' lang='lat' dir='ltr'><strong>anima</strong></span> <span class='ocrx_word' id='word_1_75' title='bbox 651 1193 721 1255; x_wconf 85' lang='lat' dir='ltr'><strong>tua,</strong></span> <span class='ocrx_word' id='word_1_76' title='bbox 754 1187 833 1244; x_wconf 89' lang='lat' dir='ltr'><strong>scire</strong></span> <span class='ocrx_word' id='word_1_77' title='bbox 859 1191 967 1260; x_wconf 68' lang='lat' dir='ltr'><strong>cupias</strong></span> <span class='ocrx_word' id='word_1_78' title='bbox 998 1201 1141 1252; x_wconf 84' lang='lat' dir='ltr'><strong>utntmne</strong></span> 
     </span>
     <span class='ocr_line' id='line_1_11' title="bbox 87 1281 1141 1357; baseline 0.009 -20"><span class='ocrx_word' id='word_1_79' title='bbox 87 1281 199 1338; x_wconf 80' lang='lat' dir='ltr'><strong>taudem</strong></span> <span class='ocrx_word' id='word_1_80' title='bbox 232 1297 320 1336; x_wconf 83' lang='lat' dir='ltr'><strong>suam</strong></span> <span class='ocrx_word' id='word_1_81' title='bbox 340 1289 475 1350; x_wconf 78' lang='lat' dir='ltr'><strong>-pertasa</strong></span> <span class='ocrx_word' id='word_1_82' title='bbox 498 1282 651 1354; x_wconf 76' lang='lat' dir='ltr'><strong>propriam</strong></span> <span class='ocrx_word' id='word_1_83' title='bbox 674 1281 824 1352; x_wconf 82' lang='lat' dir='ltr'><strong>justitiam</strong></span> <span class='ocrx_word' id='word_1_84' title='bbox 849 1283 944 1340; x_wconf 83' lang='lat' dir='ltr'><strong>discat</strong></span> <span class='ocrx_word' id='word_1_85' title='bbox 970 1285 1001 1340; x_wconf 92' lang='lat' dir='ltr'><strong>in</strong></span> <span class='ocrx_word' id='word_1_86' title='bbox 1024 1288 1141 1357; x_wconf 80' lang='lat' dir='ltr'><strong>justitia</strong></span> 
     </span>
    </p>
   </div>
   <div class='ocr_carea' id='block_1_7' title="bbox 90 1375 1261 1448">
    <p class='ocr_par' dir='ltr' id='par_1_7' title="bbox 90 1375 1261 1448">
     <span class='ocr_line' id='line_1_12' title="bbox 90 1375 1261 1448; baseline 0.005 -16"><span class='ocrx_word' id='word_1_87' title='bbox 90 1375 196 1432; x_wconf 77' lang='lat' dir='ltr'><strong>Christi</strong></span> <span class='ocrx_word' id='word_1_88' title='bbox 216 1375 372 1446; x_wconf 86' lang='lat' dir='ltr'><strong>respirare</strong></span> <span class='ocrx_word' id='word_1_89' title='bbox 394 1384 483 1448; x_wconf 82' lang='lat' dir='ltr'><strong>atque</strong></span> <span class='ocrx_word' id='word_1_90' title='bbox 503 1375 664 1430; x_wconf 84' lang='lat' dir='ltr'><strong>confidere.</strong></span> <span class='ocrx_word' id='word_1_91' title='bbox 701 1375 812 1432; x_wconf 82' lang='lat' dir='ltr'><strong>Fervet</strong></span> <span class='ocrx_word' id='word_1_92' title='bbox 831 1377 910 1434; x_wconf 88' lang='lat' dir='ltr'><strong>enim</strong></span> <span class='ocrx_word' id='word_1_93' title='bbox 930 1389 1036 1439; x_wconf 85' lang='lat' dir='ltr'><strong>nostra</strong></span> <span class='ocrx_word' id='word_1_94' title='bbox 1055 1392 1141 1440; x_wconf 78' lang='lat' dir='ltr'><strong>aetate</strong></span> <span class='ocrx_word' id='word_1_95' title='bbox 1255 1391 1261 1411; x_wconf 89' lang='lat'><em>&#39;</em></span> 
     </span>
    </p>
   </div>
   <div class='ocr_carea' id='block_1_8' title="bbox 87 1469 1142 1552">
    <p class='ocr_par' dir='ltr' id='par_1_8' title="bbox 87 1469 1142 1552">
     <span class='ocr_line' id='line_1_13' title="bbox 87 1469 1142 1552; baseline 0.008 -28"><span class='ocrx_word' id='word_1_96' title='bbox 87 1469 207 1526; x_wconf 87' lang='lat' dir='ltr'><strong>tentatio</strong></span> <span class='ocrx_word' id='word_1_97' title='bbox 232 1471 456 1541; x_wconf 63' lang='lat' dir='ltr'><strong>prostitutionis</strong></span> <span class='ocrx_word' id='word_1_98' title='bbox 477 1471 506 1525; x_wconf 91' lang='lat' dir='ltr'><strong>in</strong></span> <span class='ocrx_word' id='word_1_99' title='bbox 533 1471 652 1538; x_wconf 82' lang='lat' dir='ltr'><strong>moitis,</strong></span> <span class='ocrx_word' id='word_1_100' title='bbox 680 1479 711 1524; x_wconf 88' lang='lat' dir='ltr'><strong>et</strong></span> <span class='ocrx_word' id='word_1_101' title='bbox 730 1469 767 1526; x_wconf 91' lang='lat' dir='ltr'><strong>iis</strong></span> <span class='ocrx_word' id='word_1_102' title='bbox 790 1473 962 1544; x_wconf 77' lang='lat' dir='ltr'><strong>praecipue,</strong></span> <span class='ocrx_word' id='word_1_103' title='bbox 992 1474 1042 1542; x_wconf 86' lang='lat' dir='ltr'><strong>qui</strong></span> <span class='ocrx_word' id='word_1_104' title='bbox 1063 1475 1142 1552; x_wconf 66' lang='lat' dir='ltr'><strong>justi</strong></span> 
     </span>
    </p>
   </div>
   <div class='ocr_carea' id='block_1_9' title="bbox 18 1563 1155 1640">
    <p class='ocr_par' dir='ltr' id='par_1_9' title="bbox 18 1563 1155 1640">
     <span class='ocr_line' id='line_1_14' title="bbox 18 1563 1155 1640; baseline 0.005 -20"><span class='ocrx_word' id='word_1_105' title='bbox 18 1591 20 1604; x_wconf 93' lang='lat'><em>·</em></span> <span class='ocrx_word' id='word_1_106' title='bbox 90 1574 121 1620; x_wconf 87' lang='lat' dir='ltr'><strong>et</strong></span> <span class='ocrx_word' id='word_1_107' title='bbox 140 1566 211 1622; x_wconf 84' lang='lat' dir='ltr'><strong>boui</strong></span> <span class='ocrx_word' id='word_1_108' title='bbox 236 1583 303 1624; x_wconf 86' lang='lat' dir='ltr'><strong>esse</strong></span> <span class='ocrx_word' id='word_1_109' title='bbox 326 1565 468 1622; x_wconf 86' lang='lat' dir='ltr'><strong>omnibus</strong></span> <span class='ocrx_word' id='word_1_110' title='bbox 492 1563 608 1621; x_wconf 88' lang='lat' dir='ltr'><strong>viribus</strong></span> <span class='ocrx_word' id='word_1_111' title='bbox 627 1564 767 1622; x_wconf 85' lang='lat' dir='ltr'><strong>student:</strong></span> <span class='ocrx_word' id='word_1_112' title='bbox 804 1565 976 1634; x_wconf 65' lang='lat' dir='ltr'><strong>ignoturus</strong></span> <span class='ocrx_word' id='word_1_113' title='bbox 991 1569 1155 1640; x_wconf 63' lang='lat' dir='ltr'><strong>justitiam</strong></span> 
     </span>
    </p>
   </div>
   <div class='ocr_carea' id='block_1_10' title="bbox 88 1659 1249 3997">
    <p class='ocr_par' dir='ltr' id='par_1_10' title="bbox 88 1659 1143 2208">
     <span class='ocr_line' id='line_1_15' title="bbox 88 1659 1140 1734; baseline 0.001 -17"><span class='ocrx_word' id='word_1_114' title='bbox 88 1659 170 1730; x_wconf 87' lang='lat' dir='ltr'><strong>Dei,</strong></span> <span class='ocrx_word' id='word_1_115' title='bbox 193 1678 255 1732; x_wconf 81' lang='lat' dir='ltr'><strong>qua</strong></span> <span class='ocrx_word' id='word_1_116' title='bbox 277 1661 308 1724; x_wconf 84' lang='lat' dir='ltr'><strong>iu</strong></span> <span class='ocrx_word' id='word_1_117' title='bbox 330 1659 455 1716; x_wconf 83' lang='lat' dir='ltr'><strong>Christo</strong></span> <span class='ocrx_word' id='word_1_118' title='bbox 475 1670 521 1716; x_wconf 87' lang='lat' dir='ltr'><strong>est</strong></span> <span class='ocrx_word' id='word_1_119' title='bbox 541 1659 632 1718; x_wconf 83' lang='lat' dir='ltr'><strong>nobis</strong></span> <span class='ocrx_word' id='word_1_120' title='bbox 648 1662 828 1718; x_wconf 83' lang='lat' dir='ltr'><strong>effusissime</strong></span> <span class='ocrx_word' id='word_1_121' title='bbox 847 1673 877 1718; x_wconf 88' lang='lat' dir='ltr'><strong>et</strong></span> <span class='ocrx_word' id='word_1_122' title='bbox 896 1665 991 1734; x_wconf 80' lang='lat' dir='ltr'><strong>gratis</strong></span> <span class='ocrx_word' id='word_1_123' title='bbox 1010 1664 1118 1720; x_wconf 85' lang='lat' dir='ltr'><strong>donata</strong></span> <span class='ocrx_word' id='word_1_124' title='bbox 1129 1705 1140 1734; x_wconf 87' lang='lat'><strong>,</strong></span> 
     </span>
     <span class='ocr_line' id='line_1_16' title="bbox 90 1755 1142 1829; baseline 0.005 -20"><span class='ocrx_word' id='word_1_125' title='bbox 90 1766 223 1826; x_wconf 70' lang='lat' dir='ltr'><strong>quaeruut</strong></span> <span class='ocrx_word' id='word_1_126' title='bbox 250 1757 280 1812; x_wconf 90' lang='lat' dir='ltr'><strong>iu</strong></span> <span class='ocrx_word' id='word_1_127' title='bbox 306 1772 340 1811; x_wconf 85' lang='lat' dir='ltr'><strong>sc</strong></span> <span class='ocrx_word' id='word_1_128' title='bbox 368 1755 443 1826; x_wconf 83' lang='lat' dir='ltr'><strong>ipsis</strong></span> <span class='ocrx_word' id='word_1_129' title='bbox 465 1763 527 1810; x_wconf 86' lang='lat' dir='ltr'><strong>torn</strong></span> <span class='ocrx_word' id='word_1_130' title='bbox 550 1755 600 1810; x_wconf 85' lang='lat' dir='ltr'><strong>diu</strong></span> <span class='ocrx_word' id='word_1_131' title='bbox 628 1758 747 1829; x_wconf 83' lang='lat' dir='ltr'><strong>operari</strong></span> <span class='ocrx_word' id='word_1_132' title='bbox 770 1757 866 1821; x_wconf 78' lang='lat' dir='ltr'><strong>bene,</strong></span> <span class='ocrx_word' id='word_1_133' title='bbox 895 1758 992 1816; x_wconf 89' lang='lat' dir='ltr'><strong>donea</strong></span> <span class='ocrx_word' id='word_1_134' title='bbox 1010 1757 1142 1814; x_wconf 79' lang='lat' dir='ltr'><strong>habeant</strong></span> 
     </span>
     <span class='ocr_line' id='line_1_17' title="bbox 90 1847 1142 1922; baseline 0.002 -18"><span class='ocrx_word' id='word_1_135' title='bbox 90 1849 223 1907; x_wconf 78' lang='lat' dir='ltr'><strong>fiduciam</strong></span> <span class='ocrx_word' id='word_1_136' title='bbox 240 1847 338 1908; x_wconf 77' lang='lat' dir='ltr'><strong>standi</strong></span> <span class='ocrx_word' id='word_1_137' title='bbox 351 1867 457 1906; x_wconf 85' lang='lat' dir='ltr'><strong>coram</strong></span> <span class='ocrx_word' id='word_1_138' title='bbox 476 1849 565 1918; x_wconf 85' lang='lat' dir='ltr'><strong>Deo,</strong></span> <span class='ocrx_word' id='word_1_139' title='bbox 581 1852 679 1922; x_wconf 48' lang='grc' dir='ltr'><strong>ναΙιιῐὶἸ</strong></span> <span class='ocrx_word' id='word_1_140' title='bbox 689 1850 853 1908; x_wconf 86' lang='lat' dir='ltr'><strong>virtutibus</strong></span> <span class='ocrx_word' id='word_1_141' title='bbox 871 1861 900 1908; x_wconf 83' lang='lat' dir='ltr'><strong>ct</strong></span> <span class='ocrx_word' id='word_1_142' title='bbox 921 1853 1037 1910; x_wconf 84' lang='lat' dir='ltr'><strong>meritis</strong></span> <span class='ocrx_word' id='word_1_143' title='bbox 1052 1869 1142 1908; x_wconf 62' lang='lat' dir='ltr'><strong>orna</strong></span> 
     </span>
     <span class='ocr_line' id='line_1_18' title="bbox 90 1943 1143 2018; baseline 0.003 -20"><span class='ocrx_word' id='word_1_144' title='bbox 90 1945 135 2012; x_wconf 92' lang='lat' dir='ltr'><strong>ti,</strong></span> <span class='ocrx_word' id='word_1_145' title='bbox 161 1945 242 2016; x_wconf 82' lang='lat' dir='ltr'><strong>quod</strong></span> <span class='ocrx_word' id='word_1_146' title='bbox 270 1957 316 2001; x_wconf 87' lang='lat' dir='ltr'><strong>est</strong></span> <span class='ocrx_word' id='word_1_147' title='bbox 342 1943 527 2018; x_wconf 82' lang='lat' dir='ltr'><strong>impossibiie</strong></span> <span class='ocrx_word' id='word_1_148' title='bbox 555 1943 630 2002; x_wconf 79' lang='lat' dir='ltr'><strong>tisri.</strong></span> <span class='ocrx_word' id='word_1_149' title='bbox 672 1944 766 2002; x_wconf 84' lang='lat' dir='ltr'><strong>Fuisti</strong></span> <span class='ocrx_word' id='word_1_150' title='bbox 794 1954 827 2002; x_wconf 90' lang='lat' dir='ltr'><strong>tu</strong></span> <span class='ocrx_word' id='word_1_151' title='bbox 849 1945 926 2016; x_wconf 87' lang='lat' dir='ltr'><strong>apud</strong></span> <span class='ocrx_word' id='word_1_152' title='bbox 950 1961 1008 2002; x_wconf 90' lang='lat' dir='ltr'><strong>nos</strong></span> <span class='ocrx_word' id='word_1_153' title='bbox 1030 1947 1060 2000; x_wconf 93' lang='lat' dir='ltr'><strong>in</strong></span> <span class='ocrx_word' id='word_1_154' title='bbox 1085 1945 1143 2001; x_wconf 77' lang='lat' dir='ltr'><strong>bau</strong></span> 
     </span>
     <span class='ocr_line' id='line_1_19' title="bbox 91 2039 1142 2110; baseline 0.001 -17"><span class='ocrx_word' id='word_1_155' title='bbox 91 2039 241 2109; x_wconf 82' lang='lat' dir='ltr'><strong>opinione,</strong></span> <span class='ocrx_word' id='word_1_156' title='bbox 260 2041 324 2095; x_wconf 88' lang='lat' dir='ltr'><strong>imo</strong></span> <span class='ocrx_word' id='word_1_157' title='bbox 339 2055 445 2096; x_wconf 83' lang='lat' dir='ltr'><strong>errore</strong></span> <span class='ocrx_word' id='word_1_158' title='bbox 454 2077 465 2107; x_wconf 94' lang='lat'><strong>,</strong></span> <span class='ocrx_word' id='word_1_159' title='bbox 484 2039 527 2094; x_wconf 78' lang='lat' dir='ltr'><strong>fui</strong></span> <span class='ocrx_word' id='word_1_160' title='bbox 545 2047 579 2096; x_wconf 83' lang='lat' dir='ltr'><strong>et</strong></span> <span class='ocrx_word' id='word_1_161' title='bbox 593 2053 668 2110; x_wconf 77' lang='lat' dir='ltr'><strong>ego:</strong></span> <span class='ocrx_word' id='word_1_162' title='bbox 686 2040 740 2094; x_wconf 87' lang='lat' dir='ltr'><strong>sed</strong></span> <span class='ocrx_word' id='word_1_163' title='bbox 759 2047 790 2094; x_wconf 85' lang='lat' dir='ltr'><strong>et</strong></span> <span class='ocrx_word' id='word_1_164' title='bbox 809 2055 889 2094; x_wconf 86' lang='lat' dir='ltr'><strong>nunc</strong></span> <span class='ocrx_word' id='word_1_165' title='bbox 902 2055 1024 2110; x_wconf 72' lang='lat' dir='ltr'><strong>quasque</strong></span> <span class='ocrx_word' id='word_1_166' title='bbox 1040 2053 1142 2109; x_wconf 80' lang='lat' dir='ltr'><strong>pugno</strong></span> 
     </span>
     <span class='ocr_line' id='line_1_20' title="bbox 92 2131 1037 2208; baseline -0.001 -21"><span class='ocrx_word' id='word_1_167' title='bbox 92 2141 199 2188; x_wconf 85' lang='lat' dir='ltr'><strong>contra</strong></span> <span class='ocrx_word' id='word_1_168' title='bbox 215 2133 307 2193; x_wconf 79' lang='lat' dir='ltr'><strong>utum</strong></span> <span class='ocrx_word' id='word_1_169' title='bbox 327 2149 482 2201; x_wconf 86' lang='lat' dir='ltr'><strong>errorem,</strong></span> <span class='ocrx_word' id='word_1_170' title='bbox 498 2133 552 2208; x_wconf 70' lang='lat' dir='ltr'><strong>soti</strong></span> <span class='ocrx_word' id='word_1_171' title='bbox 569 2133 705 2190; x_wconf 77' lang='lat' dir='ltr'><strong>nonduin</strong></span> <span class='ocrx_word' id='word_1_172' title='bbox 723 2131 902 2204; x_wconf 71' lang='lat' dir='ltr'><strong>expugnavi.</strong></span> <span class='ocrx_word' id='word_1_173' title='bbox 1033 2196 1037 2204; x_wconf 21' lang='lat' dir='ltr'><em>ff</em></span> 
     </span>
    </p>

    <p class='ocr_par' dir='ltr' id='par_1_11' title="bbox 88 2223 1249 3695">
     <span class='ocr_line' id='line_1_21' title="bbox 139 2223 1145 2296; baseline 0.003 -16"><span class='ocrx_word' id='word_1_174' title='bbox 139 2226 278 2296; x_wconf 63' lang='lat' dir='ltr'><strong>igitur,</strong></span> <span class='ocrx_word' id='word_1_175' title='bbox 301 2228 342 2282; x_wconf 86' lang='lat' dir='ltr'><strong>mi</strong></span> <span class='ocrx_word' id='word_1_176' title='bbox 360 2227 450 2284; x_wconf 82' lang='lat' dir='ltr'><strong>dulcis</strong></span> <span class='ocrx_word' id='word_1_177' title='bbox 474 2225 582 2287; x_wconf 78' lang='lat' dir='ltr'><strong>Frater</strong></span> <span class='ocrx_word' id='word_1_178' title='bbox 592 2263 602 2292; x_wconf 90' lang='lat'><strong>,</strong></span> <span class='ocrx_word' id='word_1_179' title='bbox 620 2225 701 2284; x_wconf 85' lang='lat' dir='ltr'><strong>disce</strong></span> <span class='ocrx_word' id='word_1_180' title='bbox 723 2223 877 2280; x_wconf 83' lang='lat' dir='ltr'><strong>Christum</strong></span> <span class='ocrx_word' id='word_1_181' title='bbox 896 2235 926 2280; x_wconf 80' lang='lat' dir='ltr'><strong>ct</strong></span> <span class='ocrx_word' id='word_1_182' title='bbox 943 2225 1025 2286; x_wconf 85' lang='lat' dir='ltr'><strong>hnnc</strong></span> <span class='ocrx_word' id='word_1_183' title='bbox 1044 2229 1145 2286; x_wconf 86' lang='lat' dir='ltr'><strong>cruci.</strong></span> 
     </span>
     <span class='ocr_line' id='line_1_22' title="bbox 95 2310 1145 2392; baseline 0.002 -17"><span class='ocrx_word' id='word_1_184' title='bbox 95 2315 211 2386; x_wconf 79' lang='lat' dir='ltr'><strong>fixum,</strong></span> <span class='ocrx_word' id='word_1_185' title='bbox 239 2321 318 2377; x_wconf 81' lang='lat' dir='ltr'><strong>disce</strong></span> <span class='ocrx_word' id='word_1_186' title='bbox 339 2323 366 2376; x_wconf 84' lang='lat' dir='ltr'><strong>ei</strong></span> <span class='ocrx_word' id='word_1_187' title='bbox 388 2332 506 2378; x_wconf 86' lang='lat' dir='ltr'><strong>cantare</strong></span> <span class='ocrx_word' id='word_1_188' title='bbox 532 2331 564 2376; x_wconf 84' lang='lat' dir='ltr'><strong>et</strong></span> <span class='ocrx_word' id='word_1_189' title='bbox 584 2321 621 2376; x_wconf 79' lang='lat' dir='ltr'><strong>rie</strong></span> <span class='ocrx_word' id='word_1_190' title='bbox 634 2310 679 2374; x_wconf 79' lang='lat' dir='ltr'><strong>&#39;te</strong></span> <span class='ocrx_word' id='word_1_191' title='bbox 700 2320 765 2392; x_wconf 85' lang='lat' dir='ltr'><strong>ipso</strong></span> <span class='ocrx_word' id='word_1_192' title='bbox 784 2319 945 2392; x_wconf 81' lang='lat' dir='ltr'><strong>desperans</strong></span> <span class='ocrx_word' id='word_1_193' title='bbox 971 2321 1072 2386; x_wconf 79' lang='lat' dir='ltr'><strong>dicero</strong></span> <span class='ocrx_word' id='word_1_194' title='bbox 1099 2323 1145 2378; x_wconf 78' lang='lat' dir='ltr'><strong>eis</strong></span> 
     </span>
     <span class='ocr_line' id='line_1_23' title="bbox 97 2413 1146 2486; baseline 0.001 -18"><span class='ocrx_word' id='word_1_195' title='bbox 97 2423 143 2482; x_wconf 91' lang='lat' dir='ltr'><strong>tu,</strong></span> <span class='ocrx_word' id='word_1_196' title='bbox 164 2413 294 2472; x_wconf 85' lang='lat' dir='ltr'><strong>Domine</strong></span> <span class='ocrx_word' id='word_1_197' title='bbox 310 2413 401 2484; x_wconf 80' lang='lat' dir='ltr'><strong>Jesa,</strong></span> <span class='ocrx_word' id='word_1_198' title='bbox 423 2433 456 2472; x_wconf 83' lang='lat' dir='ltr'><strong>es</strong></span> <span class='ocrx_word' id='word_1_199' title='bbox 470 2415 587 2486; x_wconf 83' lang='lat' dir='ltr'><strong>justitia</strong></span> <span class='ocrx_word' id='word_1_200' title='bbox 602 2429 688 2482; x_wconf 84' lang='lat' dir='ltr'><strong>mea,</strong></span> <span class='ocrx_word' id='word_1_201' title='bbox 707 2431 765 2484; x_wconf 77' lang='lat' dir='ltr'><strong>ego</strong></span> <span class='ocrx_word' id='word_1_202' title='bbox 786 2423 886 2468; x_wconf 85' lang='lat' dir='ltr'><strong>autent</strong></span> <span class='ocrx_word' id='word_1_203' title='bbox 904 2430 971 2469; x_wconf 89' lang='lat' dir='ltr'><strong>sum</strong></span> <span class='ocrx_word' id='word_1_204' title='bbox 987 2426 1146 2486; x_wconf 85' lang='lat' dir='ltr'><strong>peccatum</strong></span> 
     </span>
     <span class='ocr_line' id='line_1_24' title="bbox 96 2507 1146 2579; baseline 0.002 -15"><span class='ocrx_word' id='word_1_205' title='bbox 96 2515 199 2564; x_wconf 78' lang='lat' dir='ltr'><strong>tuum:</strong></span> <span class='ocrx_word' id='word_1_206' title='bbox 225 2519 256 2564; x_wconf 91' lang='lat' dir='ltr'><strong>tn</strong></span> <span class='ocrx_word' id='word_1_207' title='bbox 279 2509 443 2566; x_wconf 82' lang='lat' dir='ltr'><strong>assumsisti</strong></span> <span class='ocrx_word' id='word_1_208' title='bbox 463 2525 585 2577; x_wconf 88' lang='lat' dir='ltr'><strong>meum,</strong></span> <span class='ocrx_word' id='word_1_209' title='bbox 611 2518 645 2579; x_wconf 78' lang='lat' dir='ltr'><strong>et</strong></span> <span class='ocrx_word' id='word_1_210' title='bbox 667 2508 773 2564; x_wconf 84' lang='lat' dir='ltr'><strong>dedisti</strong></span> <span class='ocrx_word' id='word_1_211' title='bbox 798 2507 871 2564; x_wconf 89' lang='lat' dir='ltr'><strong>mibi</strong></span> <span class='ocrx_word' id='word_1_212' title='bbox 893 2517 996 2566; x_wconf 85' lang='lat' dir='ltr'><strong>tuum:</strong></span> <span class='ocrx_word' id='word_1_213' title='bbox 1030 2527 1146 2566; x_wconf 84' lang='lat' dir='ltr'><strong>assum.</strong></span> 
     </span>
     <span class='ocr_line' id='line_1_25' title="bbox 88 2602 1145 2675; baseline 0.001 -16"><span class='ocrx_word' id='word_1_214' title='bbox 88 2603 172 2674; x_wconf 81' lang='lat' dir='ltr'><strong>aisti,</strong></span> <span class='ocrx_word' id='word_1_215' title='bbox 192 2604 272 2673; x_wconf 83' lang='lat' dir='ltr'><strong>quod</strong></span> <span class='ocrx_word' id='word_1_216' title='bbox 289 2620 351 2660; x_wconf 92' lang='lat' dir='ltr'><strong>non</strong></span> <span class='ocrx_word' id='word_1_217' title='bbox 368 2621 453 2674; x_wconf 85' lang='lat' dir='ltr'><strong>eras,</strong></span> <span class='ocrx_word' id='word_1_218' title='bbox 471 2613 501 2660; x_wconf 93' lang='lat' dir='ltr'><strong>et</strong></span> <span class='ocrx_word' id='word_1_219' title='bbox 519 2603 626 2660; x_wconf 86' lang='lat' dir='ltr'><strong>dedisti</strong></span> <span class='ocrx_word' id='word_1_220' title='bbox 643 2603 738 2672; x_wconf 87' lang='lat' dir='ltr'><strong>mibi,</strong></span> <span class='ocrx_word' id='word_1_221' title='bbox 753 2602 835 2675; x_wconf 82' lang='lat' dir='ltr'><strong>quod</strong></span> <span class='ocrx_word' id='word_1_222' title='bbox 856 2617 917 2658; x_wconf 87' lang='lat' dir='ltr'><strong>non</strong></span> <span class='ocrx_word' id='word_1_223' title='bbox 934 2615 1028 2660; x_wconf 81' lang='lat' dir='ltr'><strong>eram.</strong></span> <span class='ocrx_word' id='word_1_224' title='bbox 1049 2605 1145 2666; x_wconf 79' lang='lat' dir='ltr'><strong>Cave,</strong></span> 
     </span>
     <span class='ocr_line' id='line_1_26' title="bbox 91 2685 1194 2776; baseline 0 -24"><span class='ocrx_word' id='word_1_225' title='bbox 91 2698 304 2776; x_wconf 21' lang='lat' dir='ltr'><strong>uenaliannric</strong></span> <span class='ocrx_word' id='word_1_226' title='bbox 326 2701 363 2753; x_wconf 83' lang='lat' dir='ltr'><strong>ad</strong></span> <span class='ocrx_word' id='word_1_227' title='bbox 383 2707 496 2754; x_wconf 86' lang='lat' dir='ltr'><strong>tentam</strong></span> <span class='ocrx_word' id='word_1_228' title='bbox 519 2699 680 2770; x_wconf 84' lang='lat' dir='ltr'><strong>puritatem</strong></span> <span class='ocrx_word' id='word_1_229' title='bbox 706 2697 838 2766; x_wconf 85' lang='lat' dir='ltr'><strong>aspires,</strong></span> <span class='ocrx_word' id='word_1_230' title='bbox 862 2705 895 2752; x_wconf 91' lang='lat' dir='ltr'><strong>ut</strong></span> <span class='ocrx_word' id='word_1_231' title='bbox 917 2685 1061 2766; x_wconf 75' lang='lat' dir='ltr'><strong>peccator</strong></span> <span class='ocrx_word' id='word_1_232' title='bbox 1091 2697 1147 2754; x_wconf 90' lang='lat' dir='ltr'><strong>tibi</strong></span> <span class='ocrx_word' id='word_1_233' title='bbox 1192 2717 1194 2723; x_wconf 64' lang='grc'><em>’</em></span> 
     </span>
     <span class='ocr_line' id='line_1_27' title="bbox 92 2789 1147 2862; baseline 0 -16"><span class='ocrx_word' id='word_1_234' title='bbox 92 2789 182 2848; x_wconf 80' lang='lat' dir='ltr'><strong>videri</strong></span> <span class='ocrx_word' id='word_1_235' title='bbox 212 2792 311 2862; x_wconf 87' lang='lat' dir='ltr'><strong>nolis,</strong></span> <span class='ocrx_word' id='word_1_236' title='bbox 341 2792 404 2848; x_wconf 81' lang='lat' dir='ltr'><strong>bno</strong></span> <span class='ocrx_word' id='word_1_237' title='bbox 427 2803 505 2848; x_wconf 82' lang='lat' dir='ltr'><strong>esse.</strong></span> <span class='ocrx_word' id='word_1_238' title='bbox 540 2791 682 2850; x_wconf 86' lang='lat' dir='ltr'><strong>Christus</strong></span> <span class='ocrx_word' id='word_1_239' title='bbox 703 2791 783 2846; x_wconf 84' lang='lat' dir='ltr'><strong>enirn</strong></span> <span class='ocrx_word' id='word_1_240' title='bbox 805 2805 867 2846; x_wconf 86' lang='lat' dir='ltr'><strong>nou</strong></span> <span class='ocrx_word' id='word_1_241' title='bbox 895 2789 951 2846; x_wconf 85' lang='lat' dir='ltr'><strong>nisi</strong></span> <span class='ocrx_word' id='word_1_242' title='bbox 971 2791 1011 2856; x_wconf 76' lang='lat' dir='ltr'><strong>‚iu</strong></span> <span class='ocrx_word' id='word_1_243' title='bbox 1037 2807 1147 2862; x_wconf 71' lang='lat' dir='ltr'><strong>pecca-</strong></span> 
     </span>
     <span class='ocr_line' id='line_1_28' title="bbox 91 2877 1249 2966; baseline -0.001 -23"><span class='ocrx_word' id='word_1_244' title='bbox 91 2886 208 2943; x_wconf 82' lang='lat' dir='ltr'><strong>toribus</strong></span> <span class='ocrx_word' id='word_1_245' title='bbox 229 2885 361 2966; x_wconf 66' lang='lat' dir='ltr'><strong>haitan</strong></span> <span class='ocrx_word' id='word_1_246' title='bbox 394 2885 468 2944; x_wconf 87' lang='lat' dir='ltr'><strong>Ideo</strong></span> <span class='ocrx_word' id='word_1_247' title='bbox 492 2887 572 2942; x_wconf 85' lang='lat' dir='ltr'><strong>euim</strong></span> <span class='ocrx_word' id='word_1_248' title='bbox 596 2887 752 2944; x_wconf 85' lang='lat' dir='ltr'><strong>descendit</strong></span> <span class='ocrx_word' id='word_1_249' title='bbox 772 2885 809 2940; x_wconf 84' lang='lat' dir='ltr'><strong>de</strong></span> <span class='ocrx_word' id='word_1_250' title='bbox 829 2884 929 2953; x_wconf 86' lang='lat' dir='ltr'><strong>ooeio,</strong></span> <span class='ocrx_word' id='word_1_251' title='bbox 959 2877 1009 2939; x_wconf 88' lang='lat' dir='ltr'><strong>ubi</strong></span> <span class='ocrx_word' id='word_1_252' title='bbox 1031 2883 1150 2941; x_wconf 88' lang='lat' dir='ltr'><strong>habitat</strong></span> <span class='ocrx_word' id='word_1_253' title='bbox 1178 2930 1189 2944; x_wconf 72' lang='grc'><em>,</em></span> <span class='ocrx_word' id='word_1_254' title='bbox 1242 2935 1249 2942; x_wconf 92' lang='grc'>.</span> 
     </span>
     <span class='ocr_line' id='line_1_29' title="bbox 90 2977 1149 3054; baseline -0.008 -17"><span class='ocrx_word' id='word_1_255' title='bbox 90 2981 242 3052; x_wconf 85' lang='lat' dir='ltr'><strong>injustis,</strong></span> <span class='ocrx_word' id='word_1_256' title='bbox 271 2991 306 3037; x_wconf 87' lang='lat' dir='ltr'><strong>ut</strong></span> <span class='ocrx_word' id='word_1_257' title='bbox 326 2981 417 3036; x_wconf 87' lang='lat' dir='ltr'><strong>etiam</strong></span> <span class='ocrx_word' id='word_1_258' title='bbox 436 2981 587 3048; x_wconf 70' lang='lat' dir='ltr'><strong>habitaret</strong></span> <span class='ocrx_word' id='word_1_259' title='bbox 615 2983 644 3038; x_wconf 88' lang='lat' dir='ltr'><strong>in</strong></span> <span class='ocrx_word' id='word_1_260' title='bbox 672 2977 895 3054; x_wconf 86' lang='lat' dir='ltr'><strong>peccatoribus.</strong></span> <span class='ocrx_word' id='word_1_261' title='bbox 932 2977 1024 3052; x_wconf 83' lang='lat' dir='ltr'><strong>istam</strong></span> <span class='ocrx_word' id='word_1_262' title='bbox 1047 2978 1149 3032; x_wconf 88' lang='lat' dir='ltr'><strong>chari.</strong></span> 
     </span>
     <span class='ocr_line' id='line_1_30' title="bbox 91 3071 1147 3162; baseline -0.004 -32"><span class='ocrx_word' id='word_1_263' title='bbox 91 3083 178 3130; x_wconf 85' lang='lat' dir='ltr'><strong>trtetn</strong></span> <span class='ocrx_word' id='word_1_264' title='bbox 206 3075 275 3144; x_wconf 88' lang='lat' dir='ltr'><strong>ejus</strong></span> <span class='ocrx_word' id='word_1_265' title='bbox 306 3075 442 3162; x_wconf 75' lang='lat' dir='ltr'><strong>ruspina,</strong></span> <span class='ocrx_word' id='word_1_266' title='bbox 474 3085 505 3131; x_wconf 85' lang='lat' dir='ltr'><strong>et</strong></span> <span class='ocrx_word' id='word_1_267' title='bbox 529 3075 645 3132; x_wconf 79' lang='lat' dir='ltr'><strong>videbis</strong></span> <span class='ocrx_word' id='word_1_268' title='bbox 670 3074 873 3130; x_wconf 80' lang='lat' dir='ltr'><strong>dulcissimam</strong></span> <span class='ocrx_word' id='word_1_269' title='bbox 892 3071 1147 3148; x_wconf 60' lang='lat' dir='ltr'><strong>⁵consolationem</strong></span> 
     </span>
     <span class='ocr_line' id='line_1_31' title="bbox 90 3165 1149 3252; baseline -0.004 -30"><span class='ocrx_word' id='word_1_270' title='bbox 90 3169 160 3238; x_wconf 85' lang='lat' dir='ltr'><strong>ejus.</strong></span> <span class='ocrx_word' id='word_1_271' title='bbox 196 3169 227 3224; x_wconf 86' lang='lat' dir='ltr'><strong>Si</strong></span> <span class='ocrx_word' id='word_1_272' title='bbox 243 3170 326 3223; x_wconf 86' lang='lat' dir='ltr'><strong>enim</strong></span> <span class='ocrx_word' id='word_1_273' title='bbox 345 3171 459 3225; x_wconf 87' lang='lat' dir='ltr'><strong>nostris</strong></span> <span class='ocrx_word' id='word_1_274' title='bbox 481 3169 637 3226; x_wconf 87' lang='lat' dir='ltr'><strong>laboribus</strong></span> <span class='ocrx_word' id='word_1_275' title='bbox 656 3181 686 3225; x_wconf 88' lang='lat' dir='ltr'><strong>et</strong></span> <span class='ocrx_word' id='word_1_276' title='bbox 705 3165 914 3223; x_wconf 83' lang='lat' dir='ltr'><strong>afflictionibus</strong></span> <span class='ocrx_word' id='word_1_277' title='bbox 932 3165 968 3240; x_wconf 72' lang='lat'><strong>⁸5¹</strong></span> <span class='ocrx_word' id='word_1_278' title='bbox 988 3165 1149 3252; x_wconf 60' lang='lat' dir='ltr'><strong>conscias.</strong></span> 
     </span>
     <span class='ocr_line' id='line_1_32' title="bbox 91 3259 1146 3343; baseline -0.001 -26"><span class='ocrx_word' id='word_1_279' title='bbox 91 3263 133 3317; x_wconf 77' lang='lat' dir='ltr'><strong>tia</strong></span> <span class='ocrx_word' id='word_1_280' title='bbox 160 3265 299 3343; x_wconf 74' lang='lat' dir='ltr'><strong>quietem</strong></span> <span class='ocrx_word' id='word_1_281' title='bbox 324 3265 484 3335; x_wconf 81' lang='lat' dir='ltr'><strong>peruenire</strong></span> <span class='ocrx_word' id='word_1_282' title='bbox 510 3273 656 3335; x_wconf 82' lang='lat' dir='ltr'><strong>oportet:</strong></span> <span class='ocrx_word' id='word_1_283' title='bbox 689 3260 813 3333; x_wconf 86' lang='lat' dir='ltr'><strong>utquid</strong></span> <span class='ocrx_word' id='word_1_284' title='bbox 835 3259 884 3314; x_wconf 86' lang='lat' dir='ltr'><strong>ilie</strong></span> <span class='ocrx_word' id='word_1_285' title='bbox 908 3267 1048 3316; x_wconf 85' lang='lat' dir='ltr'><strong>mortuus</strong></span> <span class='ocrx_word' id='word_1_286' title='bbox 1078 3261 1146 3316; x_wconf 77' lang='lat' dir='ltr'><strong>est?</strong></span> 
     </span>
     <span class='ocr_line' id='line_1_33' title="bbox 91 3351 1148 3430; baseline -0.002 -20"><span class='ocrx_word' id='word_1_287' title='bbox 91 3351 178 3424; x_wconf 76' lang='lat' dir='ltr'><strong>Igitur</strong></span> <span class='ocrx_word' id='word_1_288' title='bbox 198 3375 267 3412; x_wconf 87' lang='lat' dir='ltr'><strong>nou</strong></span> <span class='ocrx_word' id='word_1_289' title='bbox 289 3358 346 3412; x_wconf 87' lang='lat' dir='ltr'><strong>nisi</strong></span> <span class='ocrx_word' id='word_1_290' title='bbox 367 3357 397 3412; x_wconf 92' lang='lat' dir='ltr'><strong>in</strong></span> <span class='ocrx_word' id='word_1_291' title='bbox 425 3359 476 3414; x_wconf 87' lang='lat' dir='ltr'><strong>iiio</strong></span> <span class='ocrx_word' id='word_1_292' title='bbox 492 3397 501 3422; x_wconf 94' lang='lat'><strong>,</strong></span> <span class='ocrx_word' id='word_1_293' title='bbox 516 3373 570 3430; x_wconf 88' lang='lat' dir='ltr'><strong>per</strong></span> <span class='ocrx_word' id='word_1_294' title='bbox 594 3354 1024 3424; x_wconf 80' lang='lat' dir='ltr'><strong>fiducialem&#39;desperationem</strong></span> <span class='ocrx_word' id='word_1_295' title='bbox 1048 3351 1090 3406; x_wconf 88' lang='lat' dir='ltr'><strong>tui</strong></span> <span class='ocrx_word' id='word_1_296' title='bbox 1116 3359 1148 3408; x_wconf 89' lang='lat' dir='ltr'><strong>et</strong></span> 
     </span>
     <span class='ocr_line' id='line_1_34' title="bbox 92 3437 1148 3530; baseline -0.003 -26"><span class='ocrx_word' id='word_1_297' title='bbox 92 3465 211 3520; x_wconf 74' lang='lat' dir='ltr'><strong>oportun</strong></span> <span class='ocrx_word' id='word_1_298' title='bbox 234 3457 363 3506; x_wconf 82' lang='lat' dir='ltr'><strong>tuorum</strong></span> <span class='ocrx_word' id='word_1_299' title='bbox 373 3437 508 3524; x_wconf 74' lang='lat' dir='ltr'><strong>,pacem</strong></span> <span class='ocrx_word' id='word_1_300' title='bbox 520 3453 672 3510; x_wconf 81' lang='lat' dir='ltr'><strong>invenies:</strong></span> <span class='ocrx_word' id='word_1_301' title='bbox 691 3452 789 3508; x_wconf 88' lang='lat' dir='ltr'><strong>disces</strong></span> <span class='ocrx_word' id='word_1_302' title='bbox 808 3450 930 3518; x_wconf 86' lang='lat' dir='ltr'><strong>insuper</strong></span> <span class='ocrx_word' id='word_1_303' title='bbox 947 3461 987 3500; x_wconf 85' lang='lat' dir='ltr'><strong>ex</strong></span> <span class='ocrx_word' id='word_1_304' title='bbox 1010 3449 1095 3530; x_wconf 85' lang='lat' dir='ltr'><strong>ipso,</strong></span> <span class='ocrx_word' id='word_1_305' title='bbox 1113 3454 1148 3502; x_wconf 90' lang='lat' dir='ltr'><strong>ut</strong></span> 
     </span>
     <span class='ocr_line' id='line_1_35' title="bbox 91 3541 1148 3618; baseline -0.001 -21"><span class='ocrx_word' id='word_1_306' title='bbox 91 3543 244 3616; x_wconf 82' lang='lat' dir='ltr'><strong>sicutipse</strong></span> <span class='ocrx_word' id='word_1_307' title='bbox 262 3546 400 3616; x_wconf 79' lang='lat' dir='ltr'><strong>suscepit</strong></span> <span class='ocrx_word' id='word_1_308' title='bbox 415 3556 463 3615; x_wconf 84' lang='lat' dir='ltr'><strong>te,</strong></span> <span class='ocrx_word' id='word_1_309' title='bbox 481 3555 513 3604; x_wconf 86' lang='lat' dir='ltr'><strong>et</strong></span> <span class='ocrx_word' id='word_1_310' title='bbox 531 3557 656 3618; x_wconf 87' lang='lat' dir='ltr'><strong>peccata</strong></span> <span class='ocrx_word' id='word_1_311' title='bbox 671 3557 723 3603; x_wconf 88' lang='lat' dir='ltr'><strong>tua</strong></span> <span class='ocrx_word' id='word_1_312' title='bbox 736 3545 810 3599; x_wconf 80' lang='lat' dir='ltr'><strong>fecit</strong></span> <span class='ocrx_word' id='word_1_313' title='bbox 822 3558 895 3610; x_wconf 84' lang='lat' dir='ltr'><strong>suo,</strong></span> <span class='ocrx_word' id='word_1_314' title='bbox 913 3549 944 3594; x_wconf 90' lang='lat' dir='ltr'><strong>et</strong></span> <span class='ocrx_word' id='word_1_315' title='bbox 961 3555 1046 3596; x_wconf 85' lang='lat' dir='ltr'><strong>suam</strong></span> <span class='ocrx_word' id='word_1_316' title='bbox 1056 3541 1148 3614; x_wconf 86' lang='lat' dir='ltr'><strong>justi.</strong></span> 
     </span>
     <span class='ocr_line' id='line_1_36' title="bbox 91 3637 379 3695; baseline 0.003 -2"><span class='ocrx_word' id='word_1_317' title='bbox 91 3637 161 3693; x_wconf 81' lang='lat' dir='ltr'><strong>tiam</strong></span> <span class='ocrx_word' id='word_1_318' title='bbox 182 3639 258 3695; x_wconf 80' lang='lat' dir='ltr'><strong>iecit</strong></span> <span class='ocrx_word' id='word_1_319' title='bbox 283 3647 379 3694; x_wconf 85' lang='lat' dir='ltr'><strong>tuam.</strong></span> 
     </span>
    </p>

    <p class='ocr_par' dir='ltr' id='par_1_12' title="bbox 89 3727 1168 3997">
     <span class='ocr_line' id='line_1_37' title="bbox 158 3727 1149 3806; baseline -0.003 -19"><span class='ocrx_word' id='word_1_320' title='bbox 158 3731 187 3787; x_wconf 88' lang='lat' dir='ltr'><strong>Si</strong></span> <span class='ocrx_word' id='word_1_321' title='bbox 215 3731 350 3806; x_wconf 68' lang='lat' dir='ltr'><strong>firmiter</strong></span> <span class='ocrx_word' id='word_1_322' title='bbox 376 3730 439 3790; x_wconf 88' lang='lat' dir='ltr'><strong>hoc</strong></span> <span class='ocrx_word' id='word_1_323' title='bbox 462 3730 584 3802; x_wconf 82' lang='lat' dir='ltr'><strong>credas,</strong></span> <span class='ocrx_word' id='word_1_324' title='bbox 608 3729 685 3790; x_wconf 88' lang='lat' dir='ltr'><strong>sicut</strong></span> <span class='ocrx_word' id='word_1_325' title='bbox 704 3727 796 3789; x_wconf 84' lang='lat' dir='ltr'><strong>debes</strong></span> <span class='ocrx_word' id='word_1_326' title='bbox 823 3727 1021 3801; x_wconf 83' lang='lat' dir='ltr'><strong>(maledictus</strong></span> <span class='ocrx_word' id='word_1_327' title='bbox 1047 3730 1149 3799; x_wconf 87' lang='lat' dir='ltr'><strong>enim,</strong></span> 
     </span>
     <span class='ocr_line' id='line_1_38' title="bbox 89 3825 1150 3898; baseline -0.002 -16"><span class='ocrx_word' id='word_1_328' title='bbox 89 3825 137 3897; x_wconf 86' lang='lat' dir='ltr'><strong>qui</strong></span> <span class='ocrx_word' id='word_1_329' title='bbox 152 3825 217 3884; x_wconf 83' lang='lat' dir='ltr'><strong>hoc</strong></span> <span class='ocrx_word' id='word_1_330' title='bbox 238 3840 303 3882; x_wconf 81' lang='lat' dir='ltr'><strong>non</strong></span> <span class='ocrx_word' id='word_1_331' title='bbox 324 3828 447 3898; x_wconf 82' lang='lat' dir='ltr'><strong>credit)</strong></span> <span class='ocrx_word' id='word_1_332' title='bbox 465 3829 504 3884; x_wconf 84' lang='lat' dir='ltr'><strong>ita</strong></span> <span class='ocrx_word' id='word_1_333' title='bbox 522 3841 552 3884; x_wconf 88' lang='lat' dir='ltr'><strong>et</strong></span> <span class='ocrx_word' id='word_1_334' title='bbox 571 3841 605 3884; x_wconf 89' lang='lat' dir='ltr'><strong>tu</strong></span> <span class='ocrx_word' id='word_1_335' title='bbox 624 3829 734 3884; x_wconf 75' lang='lat' dir='ltr'><strong>iratres</strong></span> <span class='ocrx_word' id='word_1_336' title='bbox 747 3826 983 3897; x_wconf 81' lang='lat' dir='ltr'><strong>indisciplinatos</strong></span> <span class='ocrx_word' id='word_1_337' title='bbox 1003 3835 1036 3881; x_wconf 87' lang='lat' dir='ltr'><strong>et</strong></span> <span class='ocrx_word' id='word_1_338' title='bbox 1049 3826 1150 3882; x_wconf 84' lang='lat' dir='ltr'><strong>adhuc</strong></span> 
     </span>
     <span class='ocr_line' id='line_1_39' title="bbox 90 3921 1168 3997; baseline -0.002 -21"><span class='ocrx_word' id='word_1_339' title='bbox 90 3923 226 3978; x_wconf 83' lang='lat' dir='ltr'><strong>errantes</strong></span> <span class='ocrx_word' id='word_1_340' title='bbox 243 3921 379 3994; x_wconf 82' lang='lat' dir='ltr'><strong>suscipe,</strong></span> <span class='ocrx_word' id='word_1_341' title='bbox 398 3930 428 3978; x_wconf 85' lang='lat' dir='ltr'><strong>at</strong></span> <span class='ocrx_word' id='word_1_342' title='bbox 444 3924 594 3996; x_wconf 83' lang='lat' dir='ltr'><strong>patienter</strong></span> <span class='ocrx_word' id='word_1_343' title='bbox 608 3924 767 3994; x_wconf 79' lang='lat' dir='ltr'><strong>sustineas,</strong></span> <span class='ocrx_word' id='word_1_344' title='bbox 785 3931 874 3997; x_wconf 88' lang='lat' dir='ltr'><strong>atque</strong></span> <span class='ocrx_word' id='word_1_345' title='bbox 894 3939 936 3978; x_wconf 84' lang='lat' dir='ltr'><strong>ex</strong></span> <span class='ocrx_word' id='word_1_346' title='bbox 953 3935 1061 3980; x_wconf 87' lang='lat' dir='ltr'><strong>eorum</strong></span> <span class='ocrx_word' id='word_1_347' title='bbox 1078 3935 1168 3994; x_wconf 88' lang='lat' dir='ltr'><strong>pec.·</strong></span> 
     </span>
    </p>
   </div>
   <div class='ocr_carea' id='block_1_11' title="bbox 184 4013 915 4096">
    <p class='ocr_par' dir='ltr' id='par_1_13' title="bbox 184 4013 915 4096">
     <span class='ocr_line' id='line_1_40' title="bbox 184 4013 915 4096; baseline 0.003 -12"><span class='ocrx_word' id='word_1_348' title='bbox 184 4015 264 4096; x_wconf 58' lang='lat'>2171.</span> <span class='ocrx_word' id='word_1_349' title='bbox 289 4013 318 4082; x_wconf 90' lang='lat'><strong>1.</strong></span> <span class='ocrx_word' id='word_1_350' title='bbox 749 4065 753 4070; x_wconf 90' lang='lat'>-</span> <span class='ocrx_word' id='word_1_351' title='bbox 893 4023 915 4086; x_wconf 78' lang='lat'><strong>2</strong></span> 
     </span>
    </p>
   </div>
   <div class='ocr_carea' id='block_1_12' title="bbox 0 0 1395 4550">
    <p class='ocr_par' dir='ltr' id='par_1_14' title="bbox 0 0 1395 4550">
     <span class='ocr_line' id='line_1_41' title="bbox 0 0 1395 4550; baseline 0 0"><span class='ocrx_word' id='word_1_352' title='bbox 0 0 1395 4550; x_wconf 95' lang='lat' dir='ltr'><strong> </strong></span> 
     </span>
    </p>
   </div>
  </div>
 </body>
</html>
