2716 4556
546 337 635 408 1⁵19.
674 307 732 446 a*
827 399 829 411 ,
997 341 1119 444 ν325

125 493 177 544 Μ
194 487 372 540 Aurifnbrr
390 489 457 538 tlt.
478 490 535 542 tint
553 493 611 540 cod.
630 491 682 544 Jen.
699 505 719 538 ι.
740 488 757 536 i.
776 487 814 538 57.
842 491 941 544 mettis&
956 492 996 544 tot
1016 493 1119 546 {dulcis

73 579 142 628 xxt.
158 579 210 626 6³5.
229 579 276 626 unt
294 575 358 630 idun
378 575 463 629 urrist
485 577 523 624 att
547 577 659 652 truttam
682 579 756 632 tester·
778 578 823 628 out
848 579 995 630 sttttttrrt
1020 583 1118 633 &ruste

72 667 163 714 turture
178 667 222 714 tv.
238 665 374 718 tessun.
390 664 516 718 &uertens
531 665 567 714 st.
581 660 682 719 stautai.
697 667 719 714 ⁵.

40 843 50 852 ·
72 821 133 878 Suo
151 820 333 877 charissimo
352 819 486 896 Georqlo
504 819 685 890 Spalatino,
708 819 821 878 Christi
837 837 940 890 servo,
963 829 991 878 et
1009 823 1118 884 Socer.

138 916 203 972 doti
217 915 383 986 scruputi,
402 913 530 974 libr-urio
547 923 576 970 et
591 914 630 973 ud
646 914 789 986 nuribus,
808 917 841 972 in
861 915 991 982 Cirristo.
1009 915 1046 984 ⁸)
1110 961 1115 972 .

506 1081 681 1138 alceus.

68 1209 221 1302 Salutem.
256 1245 303 1301 Ad
323 1254 353 1300 te
373 1246 545 1316 pervenisse
569 1261 681 1317 spero,
711 1245 759 1302 vel
788 1255 968 1318 perventura
994 1249 1108 1319 statim,

68 1342 108 1396 rni
125 1341 292 1412 spalatino,
323 1355 506 1411 quaecunque
524 1341 629 1412 scripsi
649 1343 685 1408 ud
704 1349 751 1406 te,
779 1341 844 1416 datp
866 1343 948 1398 eninr
971 1353 1040 1398 sunt
1062 1343 1115 1420 de.¹

68 1435 199 1490 ductori.
238 1435 288 1488 De
320 1435 499 1508 instituenda
532 1435 680 1512 pessicpis
702 1435 1011 1502 meditatione,¹uihil
1038 1437 1112 1492 mihi

67 1530 143 1584 adeo
169 1529 331 1583 molestum
359 1539 425 1592 est,
455 1545 543 1599 quarn
565 1531 805 1600 quodvideam,
831 1533 1017 1588 ceremonias
1039 1531 1112 1586 istas

67 1623 195 1678 reddere
217 1623 316 1678 solere
337 1623 412 1678 mire
434 1624 544 1690 duros,
563 1624 679 1691 aridos,
699 1623 831 1680 difficiles
846 1633 874 1680 et
887 1625 973 1697 plane
994 1626 1112 1710 ineptos

68 1717 95 1770 in
122 1733 245 1772 omnem
269 1733 334 1775 rem
357 1727 387 1772 et
410 1718 536 1774 all'eotus
560 1699 719 1790 spiritualis
744 1719 891 1786 vigorem.
932 1717 1013 1773 Preti
1033 1718 1112 1772 enim

67 1811 147 1882 quod
164 1811 290 1865 multum
307 1811 470 1867 verborum
489 1813 740 1881 emurmurariut,
759 1823 789 1867 et
805 1812 896 1866 horus
920 1805 1110 1886 occuparint,

66 1894 139 1961 eunt
156 1907 276 1972 securi,
306 1921 375 1961 raro
395 1908 585 1978 compuncti,
612 1905 708 1960 rarius
728 1905 858 1972 fervidi,
886 1905 1037 1962 rarissime
1065 1904 1111 1960 sui

65 2010 296 2068 cognoscentes.
332 1999 371 2054 Et
385 2008 417 2054 ut
439 2001 490 2055 tibi
513 2015 552 2056 ex
569 1999 662 2055 corde
680 1999 793 2062 dicam,
813 1979 1006 2054 iustitutionis
1025 1997 1111 2052 istius

63 2103 239 2156 mercesct
265 2093 413 2149 mercedis
437 2094 502 2150 finis
527 2093 620 2162 tnagis
639 2092 712 2146 mihi
735 2093 851 2162 placet,
878 2093 1051 2164 quumripsa
1069 2092 1114 2146 in.

64 2187 205 2254 stitutio,
231 2189 312 2260 quod
332 2189 426 2248 saeris
452 2189 545 2244 literis
566 2203 690 2258 operam
710 2187 807 2243 daturi
821 2167 942 2242 'merito
962 2202 978 2240 a
1001 2199 1110 2256 quovis

59 2281 229 2352 juventur,
253 2297 323 2337 curn
341 2285 380 2340 sit
401 2299 460 2337 una
483 2299 640 2364 res,quse
664 2281 832 2352 Ecclesiam
855 2279 902 2336 vel
929 2279 1041 2336 exaltet
1062 2279 1111 2336 rel

64 2375 233 2447 deprimat,
266 2391 419 2433 sacrarum
452 2375 606 2432 literarum
644 2377 691 2432 vel
729 2373 918 2441 notitiavel
949 2374 1110 2446 imperitia.

62 2469 199 2526 Proinde
223 2471 247 2526 si
272 2472 370 2544 placet
396 2471 454 2539 (dt
481 2470 633 2541 scribis),
668 2481 703 2528 ut
731 2469 980 2526 hebdomadatim
1006 2467 1109 2541 paucis

64 2565 170 2628 diebus
190 2575 279 2636 atque
299 2566 347 2621 his
371 2583 432 2620 non
455 2565 545 2633 totis,
563 2565 617 2620 sed
638 2565 787 2638 aliquibus
805 2565 918 2620 diurnis
936 2571 966 2618 et
985 2571 1112 2617 noctur.

63 2661 109 2713 nis
127 2657 195 2726 fist,
221 2660 319 2730 placet
340 2669 371 2716 et
394 2659 487 2724 mihi,
515 2660 608 2716 modo
634 2677 694 2732 quo
720 2661 834 2732 poteris
860 2647 1052 2728 paucioribus
1075 2663 1110 2710 et

63 2752 169 2808 dicbus
191 2765 221 2808 et
243 2753 331 2810 horis
358 2756 498 2826 acceptis.
534 2755 619 2812 Nihil
639 2757 719 2810 enim
742 2769 825 2826 aeque
848 2751 1042 2806 metuendum
1064 2755 1128 2823 est‘
1194 2787 1201 2798 ‚

58 2847 92 2900 iu
121 2847 302 2902 ceremoniis
327 2849 508 2915 statuendis,
534 2863 622 2919 quam
647 2866 686 2902 ne
716 2849 731 2918 (
740 2857 774 2902 ut
793 2845 959 2917 Apostolus
983 2837 1109 2907 monet)

63 2941 186 3012 spiritus
212 2922 424 3012 extinguatur,
450 2941 617 3014 meliusque
645 2942 722 3004 erit,
753 2953 788 2994 ut
814 2937 998 3008 interpolatis
1022 2935 1109 2990 horis

61 3051 155 3105 pauca
182 3035 304 3103 singulis
328 3045 435 3106 agant,
455 3031 544 3108 qua'm
566 3037 590 3092 si
610 3051 670 3090 uno
690 3043 798 3089 tenore
819 3032 919 3087 omnia
939 3027 1109 3085 absolvant:

61 3130 112 3184 hic
126 3130 207 3186 enirn
224 3131 355 3200 taediosi,
374 3131 435 3186 illic
453 3131 576 3204 allaores
592 3137 700 3193 eruut,
716 3137 862 3201 quantum
877 3125 947 3182 sinit
963 3122 1128 3180 diabolus‘

61 3284 66 3288 ,
116 3223 193 3278 -Sed
218 3239 274 3294 pro
299 3225 421 3293 psalmis
446 3241 523 3296 quos
549 3223 799 3296 apprehendenti
830 3219 898 3276 illos
930 3220 1029 3286 forte,
1059 3215 1111 3288 qui

61 3317 193 3370 maxime
218 3317 413 3374 Dominicsm
439 3333 599 3390 personum
626 3319 656 3372 in
681 3315 820 3388 passione
847 3315 1006 3392 releruut,
1033 3325 1111 3384 quos

61 3409 145 3480 seligi
168 3420 329 3482 oporteat,
352 3421 383 3466 et
407 3413 520 3494 indies
537 3421 570 3468 et
586 3413 679 3468 horas
696 3409 835 3467 distribui
853 3423 923 3465 cum
948 3421 1111 3478 responso.

59 3503 133 3572 riis,
156 3503 316 3560 versiculis
338 3515 369 3560 et
389 3507 548 3576 collectis,
573 3507 653 3562 sicut
675 3514 722 3560 est
741 3503 848 3560 moris.
893 3501 933 3562 Et
948 3500 1052 3556 nescio
1073 3515 1111 3554 au
1199 3487 1203 3502 ⁸

59 3615 123 3653 non
141 3597 181 3653 sit
198 3598 456 3668 pulcherrimum,
485 3600 566 3672 quod
583 3597 745 3670 cujuslibet
764 3595 908 3668 passionis
925 3595 1003 3650 hom
1022 3593 1111 3650 adda.

60 3701 131 3758 tur,
161 3707 230 3748 cum
255 3707 401 3764 expresso
427 3693 561 3764 eJusdem
586 3693 671 3750 horso
691 3708 808 3762 genere
832 3689 1001 3763 passionis,
1031 3689 1110 3745 sicut
1189 3703 1203 3724 =

59 3783 158 3844 habet
189 3787 341 3843 cauticum
373 3772 467 3847 illud:
515 3785 616 3844 Patris
645 3785 807 3858 sapientia,
845 3783 956 3841 veritas
993 3783 1109 3854 divine,
1145 3786 1149 3796 '

114 4081 147 4130 al
175 4077 238 4128 stud
259 4079 330 4129 eud.
350 4080 418 4133 les.
607 4069 616 4098 ⁸
