2760 4556
693 268 784 372 asts.
886 301 892 306 ·
967 284 972 293 ’

211 432 277 526 sinn
292 461 447 526 conductu
466 477 565 522 essem
583 462 736 536 ingressos
750 463 928 536 Augustam.
967 445 1169 522 Mandaverat
1185 467 1269 524 enine
1313 451 1316 464 ’
1376 433 1377 448 ¹

112 569 116 577 ²
154 599 159 618 .
211 561 288 618 mihi
312 560 465 640 illustriss.
490 567 542 614 tua
565 557 744 616 Dominatio
771 573 827 631 per
852 554 1034 629 Spoletinum
1059 575 1179 629 meum,
1204 577 1268 616 non

212 671 281 714 esse
297 655 371 712 mibi
387 653 590 710 necessarium
604 653 720 710 salvum
735 653 940 710 conductum:
959 653 1034 709 adeo
1062 653 1198 722 illustris.
1216 665 1268 710 tua

214 750 296 808 Cels.
315 749 416 805 omnia
431 748 513 804 bona
531 748 569 803 de
589 747 633 804 R.
643 747 760 818 Legato
779 746 990 818 praesumebat.

252 843 465 902 Percurram
479 851 511 898 et
526 849 636 899 cetera
652 843 786 914 epistolas
798 841 840 898 R.
854 840 981 914 Domini
996 839 1100 912 Legati
1116 840 1271 912 membra,

102 929 108 944 ¹
214 958 250 998 rc
269 938 372 1014 paucis
388 936 582 1009 respondebo
603 937 639 994 ed
658 952 704 993 ea.

211 1095 214 1104 ,
279 1035 359 1090 Vere
374 1032 499 1102 scribit,
523 1048 574 1088 me
589 1031 712 1088 tandem
729 1029 954 1102 comparuisse,
973 1035 1005 1086 et
1024 1028 1197 1086 dilutionem
1216 1001 1270 1084 ac.

213 1142 319 1186 cesam
334 1144 369 1184 ac
381 1127 455 1184 artri
469 1126 660 1186 conductus
652 1125 894 1198 impetrationem
906 1138 1080 1180 excusasse.
1113 1121 1269 1179 Dicebam
1311 1195 1316 1204 Ι

213 1223 294 1279 enim
315 1237 365 1278 me
384 1238 402 1277 a
421 1217 520 1294 magni
545 1219 659 1276 ordinis
678 1219 836 1292 utriusque
852 1225 949 1274 status
965 1216 1039 1274 viria
1058 1215 1150 1273 fuisse
1169 1215 1271 1273 moni.
1376 1209 1377 1212 ’

212 1324 295 1384 tum,
321 1333 360 1372 ne
384 1331 491 1371 muros
521 1314 751 1389 Wittembergas
776 1314 955 1384 egrederer,
986 1327 1054 1368 esse
1079 1311 1170 1380 enim¹
1192 1311 1270 1367 mihi

214 1410 351 1478 insidiae,
381 1417 449 1470 aot
457 1408 556 1480 ferri,
583 1415 635 1465 aut
662 1407 771 1464 ueneni
796 1415 926 1480 paratas.
966 1403 1088 1462 Deinde
1111 1403 1208 1460 addidi
1236 1412 1289 1499 et,
1376 1435 1377 1438 =

214 1519 336 1561 cansam
360 1502 551 1574 praedictam,
574 1501 691 1560 scilicet
708 1502 876 1560 amicorum
900 1499 1032 1574 studium
1054 1495 1176 1580 nomine
1200 1497 1271 1555 illu.
1376 1527 1377 1536 ι

213 1597 369 1654 strissimae
391 1595 618 1654 Dominationis
641 1605 700 1653 tuas
719 1596 794 1652 mihi
820 1595 1054 1651 consulentium.
1090 1568 1220 1649 Obtuli'
1211 1602 1272 1649 rte.

214 1707 275 1764 que
295 1705 344 1746 me
370 1699 557 1762 prostratum
572 1699 641 1746 ante
660 1691 753 1760 pedes
768 1689 1010 1746 reverendissimi
1023 1685 1150 1744 Domini
1163 1685 1278 1762 Legati
1376 1697 1377 1704 ¹

158 1818 159 1822 =
214 1795 246 1840 et
261 1783 343 1840 omni
359 1785 528 1852 reverentia
544 1793 575 1840 et
592 1784 761 1858 humilitate
777 1783 849 1856 petii
864 1779 1000 1850 veniam,
1020 1782 1045 1838 ei
1065 1779 1136 1853 quid
1152 1787 1274 1836 temere

213 1880 262 1966 Y⁰¹
287 1880 432 1937 dixissem
451 1879 501 1938 vel
525 1879 673 1950 egissem,
697 1893 824 1948 esseque
851 1891 900 1934 me
924 1874 1146 1948 paratissimum
1164 1869 1275 1932 doceri

92 1951 117 1970 r
139 2029 140 2032 ,
173 1981 175 1986 ’
214 1983 245 2030 et
260 1975 329 2030 duci
350 1973 450 2042 (sicut
469 1981 500 2029 et
519 1971 611 2028 hodie
628 1968 751 2038 sentio)
773 1972 803 2028 in
823 1969 975 2027 saniorem
993 1968 1200 2050 sententiam.

164 2073 176 2112 ἰ
265 2068 339 2123 'Hic
353 2083 402 2124 me
417 2065 686 2124 reverendissimus
700 2065 854 2122 Dominus
869 2050 1000 2133 Legatos
1016 2071 1140 2135 paterne
1157 2070 1188 2118 et
1206 2059 1274 2118 cle.

109 2211 113 2236 ,
162 2171 166 2178 ·
213 2161 399 2218 eruentissime
420 2161 569 2232 suscepit,
590 2160 804 2216 commendans
819 2168 850 2216 et
872 2157 1083 2228 congratulans
1094 2156 1174 2236 ,huic
1194 2171 1274 2211 meaa

213 2254 387 2312 humilitati.
423 2253 528 2310 Statim
544 2253 602 2309 tria
617 2254 691 2310 mihi
713 2253 848 2336 facienda
869 2251 1049 2326 proposuit,
1072 2251 1111 2306 de
1128 2249 1272 2307 mundato
1376 2299 1377 2310 ,

101 2387 114 2408 ι
213 2347 357 2404 Sanctiss.
378 2345 505 2402 Domini
526 2341 624 2402 nostri
642 2347 732 2420 Papae
752 2345 865 2404 Leonis
884 2346 937 2417 X.,
955 2345 1035 2434 sicut
1056 2344 1155 2417 ajebat
1181 2343 1275 2414 (unm

214 2438 371 2512 exemplar
388 2437 498 2496 Brevis
516 2440 629 2512 petenti
648 2439 844 2510 denegabat).
1184 2495 1187 2506 ,

280 2531 437 2600 Primum,
450 2539 491 2588 nt
506 2533 639 2598 redirem
651 2535 687 2590 ad
701 2547 773 2594 cor.
793 2542 826 2589 et
839 2541 957 2589 erratus
975 2546 1061 2588 moos
1080 2545 1273 2588 revocarem.

281 2599 437 2697 ἑοιιιιιιιῐο,
452 2635 487 2682 ut
501 2627 724 2699 promitterem,
738 2625 920 2684 infuturum
934 2625 1084 2682 abstinere
1096 2625 1134 2681 ab
1151 2625 1273 2681 iisdem.
1376 2627 1377 2688 j

282 2719 411 2790 Tertio,
429 2729 463 2776 ut
482 2720 519 2776 ab
539 2719 679 2779 omnibus
697 2739 818 2798 qnoque
838 2722 901 2780 eliis
920 2721 1124 2790 abstinerem,
1160 2719 1274 2792 quibus

212 2813 385 2886 perturbari
400 2815 501 2904 possit
518 2812 668 2874 Ecclesia.

280 2909 331 2965 Ad
354 2909 598 2985 primumqperit,
628 2918 663 2966 ut
682 2919 867 2968 monstraret
886 2911 981 2978 mibi,
1001 2911 1043 2966 ·in
1062 2923 1197 2981 quonam
1225 2923 1274 2965 er.
1376 2949 1377 2956 ι

212 3017 343 3060 rossem.
385 3001 468 3059 Mox
491 3003 522 3059 id
542 3002 674 3074 objecit,
705 3005 789 3077 quod
806 3006 1003 3063 conclusione
1023 3007 1049 3062 7.
1074 3004 1153 3058 iuter
1172 3003 1274 3058 decla.
1376 3031 1377 3036 ι

113 3108 115 3122 ·
211 3095 342 3152 rendum
359 3097 513 3152 dixeram:
537 3095 692 3170 Oportere
713 3113 797 3168 eum,
817 3101 868 3172 qui
890 3101 927 3154 ad
945 3107 1167 3156 sacramentum
1184 3113 1275 3152 acce.

212 3191 275 3259 dit,
309 3191 454 3282 credere,
479 3207 513 3247 se
538 3199 773 3248 consecuturum
797 3195 922 3264 gratiam
948 3191 1138 3247 sacramenti.
1186 3189 1275 3244 Hanc

211 3284 293 3340 enim
318 3285 488 3342 doctrinam
512 3301 579 3342 esse
604 3297 713 3352 contre
735 3303 854 3344 suornm
884 3285 1068 3356 scripturam
1094 3293 1125 3339 et
1155 3292 1275 3338 rectam

38 3405 44 3414 ·
108 3377 112 3386 ’
210 3363 359 3434 Ecclesiae
378 3379 669 3449 doctrinamvoluit.
704 3379 771 3452 Ego
790 3398 865 3437 vero
885 3388 1061 3436 constanter
1082 3377 1164 3446 dixi,
1183 3371 1216 3432 in
1236 3393 1275 3432 eo
1376 3399 1377 3404 ¹

210 3481 326 3542 puncto
351 3487 400 3528 me
426 3490 489 3530 non
514 3489 582 3561 esse
609 3473 785 3544 cessurum,
810 3475 890 3542 sicut
917 3489 974 3528 nec
1001 3471 1092 3544 hodie
1114 3487 1215 3542 neque
1243 3470 1276 3527 in
1376 3531 1377 3552 χ

213 3572 362 3622 aeternum
382 3582 449 3622 sum
469 3583 622 3624 cessurus.
640 3568 754 3625 Tunc'
747 3583 825 3640 ipse:
844 3565 944 3632 Velis,
958 3565 1055 3634 nolis,
1073 3561 1165 3619 bodie
1182 3579 1278 3636 opor.

212 3655 292 3714 tebit
307 3667 339 3714 te
357 3674 521 3716 revocare:
540 3659 650 3760 auoqui
668 3663 718 3719 vel
735 3669 861 3735 propter
878 3661 961 3716 hunc
980 3661 1083 3716 locum
1100 3659 1203 3736 omnia
1222 3652 1275 3715 tua

213 3747 296 3806 dicta
315 3751 478 3809 damnabo.
981 3769 984 3776 ’

109 3907 114 3914 ,
199 3843 202 3848 ’
277 3841 321 3900 Et
344 3857 513 3918 qumquam
530 3849 671 3920 dicebat,
702 3865 769 3907 sese
792 3867 855 3908 ιιοιι
873 3847 1066 3922 opinionibus
1089 3847 1276 3916 doctorum,
1376 3893 1377 3900 ,

149 3936 153 3953 ¹
213 3935 267 3992 sed
286 3937 449 4008 scripturis
469 3943 581 3998 sanctie
601 3953 632 4000 et
649 3941 816 3999 canonibus
838 3958 960 3999 mecum
974 3951 1123 4008 acturum,
1141 3933 1202 3997 ‘nec
1215 3939 1277 4012 syl.
1376 3921 1377 3982 ἶ

216 4028 314 4126 iubam
330 4039 432 4088 tamen
445 4031 607 4106 Scripturas
623 4045 730 4132 contra
748 4054 798 4094 me
815 4038 978 4112 produxit,
998 4051 1068 4093 cum
1087 4051 1143 4106 ego
1163 4041 1276 4110 contra
1376 4037 1377 4080 Ἰ
