<?xml version="1.0" encoding="UTF-8"?>
<!DOCTYPE html PUBLIC "-//W3C//DTD XHTML 1.0 Transitional//EN"
    "http://www.w3.org/TR/xhtml1/DTD/xhtml1-transitional.dtd">
<html xmlns="http://www.w3.org/1999/xhtml" xml:lang="en" lang="en">
 <head>
  <title>
</title>
<meta http-equiv="Content-Type" content="text/html;charset=utf-8" />
  <meta name='ocr-system' content='tesseract 3.04.00' />
  <meta name='ocr-capabilities' content='ocr_page ocr_carea ocr_par ocr_line ocrx_word'/>
</head>
<body>
  <div class='ocr_page' id='page_1' title='image "./briefesendschre07luthgoog/briefesendschre07luthgoog_0333.png"; bbox 0 0 2756 4558; ppageno 0'>
   <div class='ocr_carea' id='block_1_1' title="bbox 240 269 861 401">
    <p class='ocr_par' dir='ltr' id='par_1_1' title="bbox 240 269 861 401">
     <span class='ocr_line' id='line_1_1' title="bbox 240 269 861 401; baseline -0.003 -1"><span class='ocrx_word' id='word_1_1' title='bbox 240 337 301 401; x_wconf 78' lang='lat'><strong>³02</strong></span> <span class='ocrx_word' id='word_1_2' title='bbox 718 326 809 399; x_wconf 78' lang='lat' dir='ltr'><strong>nu.</strong></span> <span class='ocrx_word' id='word_1_3' title='bbox 838 269 861 328; x_wconf 52' lang='lat'>¹</span> 
     </span>
    </p>
   </div>
   <div class='ocr_carea' id='block_1_2' title="bbox 191 485 1292 942">
    <p class='ocr_par' dir='ltr' id='par_1_2' title="bbox 241 485 1291 658">
     <span class='ocr_line' id='line_1_2' title="bbox 241 485 1291 560; baseline -0.003 -11"><span class='ocrx_word' id='word_1_4' title='bbox 241 493 404 560; x_wconf 83' lang='lat' dir='ltr'><strong>affirmant,</strong></span> <span class='ocrx_word' id='word_1_5' title='bbox 420 503 505 547; x_wconf 86' lang='lat' dir='ltr'><strong>suam</strong></span> <span class='ocrx_word' id='word_1_6' title='bbox 520 487 607 560; x_wconf 83' lang='lat' dir='ltr'><strong>juxta</strong></span> <span class='ocrx_word' id='word_1_7' title='bbox 628 494 659 543; x_wconf 91' lang='lat' dir='ltr'><strong>et</strong></span> <span class='ocrx_word' id='word_1_8' title='bbox 683 489 874 556; x_wconf 69' lang='lat' dir='ltr'><strong>oscitantiam</strong></span> <span class='ocrx_word' id='word_1_9' title='bbox 893 489 923 545; x_wconf 91' lang='lat' dir='ltr'><strong>iu</strong></span> <span class='ocrx_word' id='word_1_10' title='bbox 941 485 1067 560; x_wconf 78' lang='lat' dir='ltr'><strong>legendo</strong></span> <span class='ocrx_word' id='word_1_11' title='bbox 1086 495 1118 548; x_wconf 85' lang='lat' dir='ltr'><strong>et</strong></span> <span class='ocrx_word' id='word_1_12' title='bbox 1138 487 1291 549; x_wconf 81' lang='lat' dir='ltr'><strong>temerits.</strong></span> 
     </span>
     <span class='ocr_line' id='line_1_3' title="bbox 241 569 1050 658; baseline -0.006 -12"><span class='ocrx_word' id='word_1_13' title='bbox 241 569 304 646; x_wconf 79' lang='lat' dir='ltr'><strong>teni</strong></span> <span class='ocrx_word' id='word_1_14' title='bbox 322 586 527 658; x_wconf 73' lang='lat' dir='ltr'><strong>injudicando</strong></span> <span class='ocrx_word' id='word_1_15' title='bbox 545 583 685 640; x_wconf 88' lang='lat' dir='ltr'><strong>omnibus</strong></span> <span class='ocrx_word' id='word_1_16' title='bbox 703 583 833 640; x_wconf 87' lang='lat' dir='ltr'><strong>ludibrio</strong></span> <span class='ocrx_word' id='word_1_17' title='bbox 853 591 1050 656; x_wconf 82' lang='lat' dir='ltr'><strong>exponentes.</strong></span> 
     </span>
    </p>

    <p class='ocr_par' dir='ltr' id='par_1_3' title="bbox 191 677 1292 942">
     <span class='ocr_line' id='line_1_4' title="bbox 309 677 1292 752; baseline -0.008 -12"><span class='ocrx_word' id='word_1_18' title='bbox 309 685 432 741; x_wconf 80' lang='lat' dir='ltr'><strong>Deinde</strong></span> <span class='ocrx_word' id='word_1_19' title='bbox 445 682 469 738; x_wconf 86' lang='lat' dir='ltr'><strong>si</strong></span> <span class='ocrx_word' id='word_1_20' title='bbox 486 697 547 748; x_wconf 84' lang='lat' dir='ltr'><strong>pon</strong></span> <span class='ocrx_word' id='word_1_21' title='bbox 567 679 665 752; x_wconf 76' lang='lat' dir='ltr'><strong>planet</strong></span> <span class='ocrx_word' id='word_1_22' title='bbox 686 678 742 735; x_wconf 86' lang='lat' dir='ltr'><strong>ista</strong></span> <span class='ocrx_word' id='word_1_23' title='bbox 756 677 957 736; x_wconf 77' lang='lat' dir='ltr'><strong>conciliorum</strong></span> <span class='ocrx_word' id='word_1_24' title='bbox 976 681 1158 750; x_wconf 79' lang='lat' dir='ltr'><strong>eoncordia,</strong></span> <span class='ocrx_word' id='word_1_25' title='bbox 1179 689 1209 736; x_wconf 86' lang='lat' dir='ltr'><strong>et</strong></span> <span class='ocrx_word' id='word_1_26' title='bbox 1224 695 1292 752; x_wconf 89' lang='lat' dir='ltr'><strong>per.</strong></span> 
     </span>
     <span class='ocr_line' id='line_1_5' title="bbox 236 775 1290 846; baseline -0.009 -9"><span class='ocrx_word' id='word_1_27' title='bbox 236 780 380 838; x_wconf 86' lang='lat' dir='ltr'><strong>tinaeiter</strong></span> <span class='ocrx_word' id='word_1_28' title='bbox 403 777 476 834; x_wconf 86' lang='lat' dir='ltr'><strong>mihi</strong></span> <span class='ocrx_word' id='word_1_29' title='bbox 501 775 658 834; x_wconf 79' lang='lat' dir='ltr'><strong>constant.</strong></span> <span class='ocrx_word' id='word_1_30' title='bbox 683 789 778 832; x_wconf 90' lang='lat' dir='ltr'><strong>unum</strong></span> <span class='ocrx_word' id='word_1_31' title='bbox 795 783 902 830; x_wconf 84' lang='lat' dir='ltr'><strong>eontra</strong></span> <span class='ocrx_word' id='word_1_32' title='bbox 921 776 981 830; x_wconf 90' lang='lat' dir='ltr'><strong>duo</strong></span> <span class='ocrx_word' id='word_1_33' title='bbox 999 775 1199 832; x_wconf 78' lang='lat' dir='ltr'>obtendatur:</span> <span class='ocrx_word' id='word_1_34' title='bbox 1228 775 1290 846; x_wconf 86' lang='lat' dir='ltr'><strong>jam</strong></span> 
     </span>
     <span class='ocr_line' id='line_1_6' title="bbox 191 863 1291 942; baseline -0.006 -10"><span class='ocrx_word' id='word_1_35' title='bbox 191 863 194 872; x_wconf 57' lang='grc'>’</span> <span class='ocrx_word' id='word_1_36' title='bbox 237 893 299 932; x_wconf 91' lang='lat' dir='ltr'><strong>uon</strong></span> <span class='ocrx_word' id='word_1_37' title='bbox 318 873 435 930; x_wconf 80' lang='lat' dir='ltr'><strong>difficile</strong></span> <span class='ocrx_word' id='word_1_38' title='bbox 453 871 527 928; x_wconf 87' lang='lat' dir='ltr'><strong>mihi</strong></span> <span class='ocrx_word' id='word_1_39' title='bbox 548 871 605 927; x_wconf 89' lang='lat' dir='ltr'><strong>erit</strong></span> <span class='ocrx_word' id='word_1_40' title='bbox 625 879 778 939; x_wconf 73' lang='lat' dir='ltr'><strong>statuere,</strong></span> <span class='ocrx_word' id='word_1_41' title='bbox 800 871 898 926; x_wconf 90' lang='lat' dir='ltr'><strong>utrius</strong></span> <span class='ocrx_word' id='word_1_42' title='bbox 923 872 1067 928; x_wconf 75' lang='lat' dir='ltr'><strong>autoritas</strong></span> <span class='ocrx_word' id='word_1_43' title='bbox 1089 871 1199 936; x_wconf 85' lang='lat' dir='ltr'><strong>debeat</strong></span> <span class='ocrx_word' id='word_1_44' title='bbox 1218 887 1291 942; x_wconf 74' lang='lat' dir='ltr'><strong>prae.</strong></span> 
     </span>
    </p>
   </div>
   <div class='ocr_carea' id='block_1_3' title="bbox 131 953 1291 1043">
    <p class='ocr_par' dir='ltr' id='par_1_4' title="bbox 131 953 1291 1043">
     <span class='ocr_line' id='line_1_7' title="bbox 131 953 1291 1043; baseline -0.003 -21"><span class='ocrx_word' id='word_1_45' title='bbox 131 1025 134 1034; x_wconf 67' lang='grc'><strong><em>,</em></strong></span> <span class='ocrx_word' id='word_1_46' title='bbox 237 953 416 1043; x_wconf 72' lang='lat' dir='ltr'><strong>ponderare.</strong></span> <span class='ocrx_word' id='word_1_47' title='bbox 450 963 531 1024; x_wconf 86' lang='lat' dir='ltr'><strong>Num</strong></span> <span class='ocrx_word' id='word_1_48' title='bbox 552 981 622 1022; x_wconf 82' lang='lat' dir='ltr'><strong>cum</strong></span> <span class='ocrx_word' id='word_1_49' title='bbox 642 965 805 1022; x_wconf 86' lang='lat' dir='ltr'><strong>concilium</strong></span> <span class='ocrx_word' id='word_1_50' title='bbox 828 966 936 1039; x_wconf 78' lang='lat' dir='ltr'><strong>possit.</strong></span> <span class='ocrx_word' id='word_1_51' title='bbox 950 983 1068 1035; x_wconf 86' lang='lat' dir='ltr'><strong>errare,</strong></span> <span class='ocrx_word' id='word_1_52' title='bbox 1087 967 1191 1038; x_wconf 83' lang='lat' dir='ltr'><strong>potius</strong></span> <span class='ocrx_word' id='word_1_53' title='bbox 1212 965 1291 1020; x_wconf 81' lang='lat' dir='ltr'><strong>Con.</strong></span> 
     </span>
    </p>
   </div>
   <div class='ocr_carea' id='block_1_4' title="bbox 199 1047 1294 3312">
    <p class='ocr_par' dir='ltr' id='par_1_5' title="bbox 199 1047 1294 2276">
     <span class='ocr_line' id='line_1_8' title="bbox 199 1047 1291 1135; baseline -0.007 -13"><span class='ocrx_word' id='word_1_54' title='bbox 199 1085 201 1092; x_wconf 93' lang='lat'>·</span> <span class='ocrx_word' id='word_1_55' title='bbox 238 1075 329 1122; x_wconf 83' lang='lat' dir='ltr'><strong>stant.</strong></span> <span class='ocrx_word' id='word_1_56' title='bbox 349 1079 439 1135; x_wconf 86' lang='lat' dir='ltr'><strong>quam</strong></span> <span class='ocrx_word' id='word_1_57' title='bbox 461 1061 619 1118; x_wconf 85' lang='lat' dir='ltr'><strong>Nieaenum</strong></span> <span class='ocrx_word' id='word_1_58' title='bbox 640 1069 671 1117; x_wconf 87' lang='lat' dir='ltr'><strong>et</strong></span> <span class='ocrx_word' id='word_1_59' title='bbox 692 1060 867 1118; x_wconf 81' lang='lat' dir='ltr'><strong>Africanum</strong></span> <span class='ocrx_word' id='word_1_60' title='bbox 887 1047 1008 1117; x_wconf 68' lang='lat' dir='ltr'><strong>errasse*</strong></span> <span class='ocrx_word' id='word_1_61' title='bbox 1026 1061 1191 1130; x_wconf 83' lang='lat' dir='ltr'><strong>confitear,</strong></span> <span class='ocrx_word' id='word_1_62' title='bbox 1210 1059 1291 1132; x_wconf 89' lang='lat' dir='ltr'><strong>quod</strong></span> 
     </span>
     <span class='ocr_line' id='line_1_9' title="bbox 237 1153 1292 1236; baseline -0.008 -21"><span class='ocrx_word' id='word_1_63' title='bbox 237 1159 305 1215; x_wconf 72' lang='lat' dir='ltr'><strong>hoc</strong></span> <span class='ocrx_word' id='word_1_64' title='bbox 329 1160 417 1236; x_wconf 84' lang='lat' dir='ltr'><strong>longe</strong></span> <span class='ocrx_word' id='word_1_65' title='bbox 445 1155 562 1220; x_wconf 82' lang='lat' dir='ltr'><strong>felicius</strong></span> <span class='ocrx_word' id='word_1_66' title='bbox 593 1171 682 1228; x_wconf 87' lang='lat' dir='ltr'><strong>quam</strong></span> <span class='ocrx_word' id='word_1_67' title='bbox 706 1153 778 1212; x_wconf 90' lang='lat' dir='ltr'><strong>illud</strong></span> <span class='ocrx_word' id='word_1_68' title='bbox 804 1155 1009 1228; x_wconf 79' lang='lat' dir='ltr'><strong>processerint</strong></span> <span class='ocrx_word' id='word_1_69' title='bbox 1032 1156 1223 1226; x_wconf 69' lang='lat' dir='ltr'><strong>sategerint,</strong></span> <span class='ocrx_word' id='word_1_70' title='bbox 1257 1171 1292 1208; x_wconf 86' lang='lat' dir='ltr'><strong>ao</strong></span> 
     </span>
     <span class='ocr_line' id='line_1_10' title="bbox 236 1242 1293 1326; baseline -0.007 -16"><span class='ocrx_word' id='word_1_71' title='bbox 236 1253 300 1326; x_wconf 76' lang='lat' dir='ltr'><strong>jaim</strong></span> <span class='ocrx_word' id='word_1_72' title='bbox 320 1256 370 1310; x_wconf 90' lang='lat' dir='ltr'><strong>diu</strong></span> <span class='ocrx_word' id='word_1_73' title='bbox 394 1253 488 1309; x_wconf 86' lang='lat' dir='ltr'><strong>saeris</strong></span> <span class='ocrx_word' id='word_1_74' title='bbox 512 1251 683 1321; x_wconf 81' lang='lat' dir='ltr'><strong>Evangeliis</strong></span> <span class='ocrx_word' id='word_1_75' title='bbox 706 1251 795 1306; x_wconf 89' lang='lat' dir='ltr'><strong>etiam</strong></span> <span class='ocrx_word' id='word_1_76' title='bbox 819 1267 879 1322; x_wconf 84' lang='lat' dir='ltr'><strong>praa</strong></span> <span class='ocrx_word' id='word_1_77' title='bbox 903 1242 1021 1307; x_wconf 69' lang='lat' dir='ltr'><strong>ueteris</strong></span> <span class='ocrx_word' id='word_1_78' title='bbox 1044 1251 1182 1306; x_wconf 89' lang='lat' dir='ltr'><strong>oonoiliis</strong></span> <span class='ocrx_word' id='word_1_79' title='bbox 1209 1265 1293 1306; x_wconf 89' lang='lat' dir='ltr'><strong>oum.</strong></span> 
     </span>
     <span class='ocr_line' id='line_1_11' title="bbox 239 1343 1293 1422; baseline -0.007 -19"><span class='ocrx_word' id='word_1_80' title='bbox 239 1357 341 1421; x_wconf 84' lang='lat' dir='ltr'><strong>parata</strong></span> <span class='ocrx_word' id='word_1_81' title='bbox 360 1349 438 1417; x_wconf 88' lang='lat' dir='ltr'><strong>sint,</strong></span> <span class='ocrx_word' id='word_1_82' title='bbox 458 1347 623 1420; x_wconf 85' lang='lat' dir='ltr'><strong>praesertim</strong></span> <span class='ocrx_word' id='word_1_83' title='bbox 643 1345 816 1415; x_wconf 76' lang='lat' dir='ltr'><strong>Nioaenum,</strong></span> <span class='ocrx_word' id='word_1_84' title='bbox 835 1347 870 1402; x_wconf 91' lang='lat' dir='ltr'><strong>ad</strong></span> <span class='ocrx_word' id='word_1_85' title='bbox 889 1361 980 1418; x_wconf 89' lang='lat' dir='ltr'><strong>quam</strong></span> <span class='ocrx_word' id='word_1_86' title='bbox 996 1345 1122 1422; x_wconf 84' lang='lat' dir='ltr'><strong>gloriam</strong></span> <span class='ocrx_word' id='word_1_87' title='bbox 1146 1343 1293 1400; x_wconf 85' lang='lat' dir='ltr'><strong>Constan.</strong></span> 
     </span>
     <span class='ocr_line' id='line_1_12' title="bbox 239 1439 1293 1524; baseline -0.006 -26"><span class='ocrx_word' id='word_1_88' title='bbox 239 1445 335 1524; x_wconf 30' lang='lat' dir='ltr'><strong>tie-nse</strong></span> <span class='ocrx_word' id='word_1_89' title='bbox 362 1445 491 1500; x_wconf 88' lang='lat' dir='ltr'><strong>neodum</strong></span> <span class='ocrx_word' id='word_1_90' title='bbox 516 1442 663 1516; x_wconf 83' lang='lat' dir='ltr'><strong>pervenit.</strong></span> <span class='ocrx_word' id='word_1_91' title='bbox 710 1439 804 1506; x_wconf 77' lang='lat' dir='ltr'><strong>Etin</strong></span> <span class='ocrx_word' id='word_1_92' title='bbox 833 1441 896 1496; x_wconf 84' lang='lat' dir='ltr'><strong>huo</strong></span> <span class='ocrx_word' id='word_1_93' title='bbox 925 1441 1067 1496; x_wconf 87' lang='lat' dir='ltr'><strong>imitabor</strong></span> <span class='ocrx_word' id='word_1_94' title='bbox 1092 1439 1293 1496; x_wconf 86' lang='lat' dir='ltr'><strong>novissimum</strong></span> 
     </span>
     <span class='ocr_line' id='line_1_13' title="bbox 238 1528 1294 1608; baseline -0.009 -14"><span class='ocrx_word' id='word_1_95' title='bbox 238 1539 331 1594; x_wconf 87' lang='lat' dir='ltr'><strong>Rom.</strong></span> <span class='ocrx_word' id='word_1_96' title='bbox 352 1528 537 1608; x_wconf 81' lang='lat' dir='ltr'><strong>Concilium,</strong></span> <span class='ocrx_word' id='word_1_97' title='bbox 563 1539 673 1608; x_wconf 88' lang='lat' dir='ltr'><strong>inquo</strong></span> <span class='ocrx_word' id='word_1_98' title='bbox 694 1535 857 1592; x_wconf 86' lang='lat' dir='ltr'><strong>Basiliense</strong></span> <span class='ocrx_word' id='word_1_99' title='bbox 878 1529 1051 1591; x_wconf 87' lang='lat' dir='ltr'><strong>damnatum</strong></span> <span class='ocrx_word' id='word_1_100' title='bbox 1071 1543 1137 1602; x_wconf 86' lang='lat' dir='ltr'><strong>est,</strong></span> <span class='ocrx_word' id='word_1_101' title='bbox 1165 1543 1194 1589; x_wconf 91' lang='lat' dir='ltr'><strong>et</strong></span> <span class='ocrx_word' id='word_1_102' title='bbox 1214 1532 1294 1588; x_wconf 87' lang='lat' dir='ltr'><strong>Con.</strong></span> 
     </span>
     <span class='ocr_line' id='line_1_14' title="bbox 240 1628 1294 1706; baseline -0.01 -17"><span class='ocrx_word' id='word_1_103' title='bbox 240 1635 403 1689; x_wconf 86' lang='lat' dir='ltr'><strong>stantiense</strong></span> <span class='ocrx_word' id='word_1_104' title='bbox 425 1649 546 1706; x_wconf 86' lang='lat' dir='ltr'><strong>quoque</strong></span> <span class='ocrx_word' id='word_1_105' title='bbox 573 1645 694 1705; x_wconf 85' lang='lat' dir='ltr'><strong>passum</strong></span> <span class='ocrx_word' id='word_1_106' title='bbox 717 1647 779 1688; x_wconf 88' lang='lat' dir='ltr'><strong>uon</strong></span> <span class='ocrx_word' id='word_1_107' title='bbox 801 1645 893 1704; x_wconf 84' lang='lat' dir='ltr'><strong>parva</strong></span> <span class='ocrx_word' id='word_1_108' title='bbox 918 1647 979 1686; x_wconf 80' lang='lat' dir='ltr'><strong>sune</strong></span> <span class='ocrx_word' id='word_1_109' title='bbox 1006 1629 1175 1686; x_wconf 77' lang='lat' dir='ltr'><strong>autoritatis</strong></span> <span class='ocrx_word' id='word_1_110' title='bbox 1203 1628 1294 1686; x_wconf 77' lang='lat' dir='ltr'><strong>detri-</strong></span> 
     </span>
     <span class='ocr_line' id='line_1_15' title="bbox 239 1725 1293 1806; baseline -0.009 -22"><span class='ocrx_word' id='word_1_111' title='bbox 239 1741 358 1806; x_wconf 77' lang='lat' dir='ltr'><strong>menta,</strong></span> <span class='ocrx_word' id='word_1_112' title='bbox 377 1729 449 1785; x_wconf 82' lang='lat' dir='ltr'><strong>dunt</strong></span> <span class='ocrx_word' id='word_1_113' title='bbox 466 1729 578 1801; x_wconf 89' lang='lat' dir='ltr'><strong>Papam</strong></span> <span class='ocrx_word' id='word_1_114' title='bbox 597 1743 687 1800; x_wconf 89' lang='lat' dir='ltr'><strong>supra</strong></span> <span class='ocrx_word' id='word_1_115' title='bbox 705 1725 954 1782; x_wconf 65' lang='lat' dir='ltr'><strong>concilium’esse</strong></span> <span class='ocrx_word' id='word_1_116' title='bbox 972 1725 1089 1793; x_wconf 82' lang='lat' dir='ltr'><strong>sanxit,</strong></span> <span class='ocrx_word' id='word_1_117' title='bbox 1116 1725 1203 1795; x_wconf 87' lang='lat' dir='ltr'><strong>cujus</strong></span> <span class='ocrx_word' id='word_1_118' title='bbox 1221 1737 1293 1776; x_wconf 86' lang='lat' dir='ltr'><strong>oon.</strong></span> 
     </span>
     <span class='ocr_line' id='line_1_16' title="bbox 239 1815 1291 1891; baseline -0.01 -11"><span class='ocrx_word' id='word_1_119' title='bbox 239 1824 366 1880; x_wconf 84' lang='lat' dir='ltr'><strong>trariutn</strong></span> <span class='ocrx_word' id='word_1_120' title='bbox 390 1825 420 1878; x_wconf 93' lang='lat' dir='ltr'><strong>in</strong></span> <span class='ocrx_word' id='word_1_121' title='bbox 444 1821 666 1879; x_wconf 79' lang='lat' dir='ltr'><strong>constantiensi</strong></span> <span class='ocrx_word' id='word_1_122' title='bbox 691 1819 845 1876; x_wconf 78' lang='lat' dir='ltr'><strong>definitum</strong></span> <span class='ocrx_word' id='word_1_123' title='bbox 872 1831 930 1877; x_wconf 90' lang='lat' dir='ltr'><strong>est.</strong></span> <span class='ocrx_word' id='word_1_124' title='bbox 970 1823 1072 1891; x_wconf 82' lang='lat' dir='ltr'><strong>Atque</strong></span> <span class='ocrx_word' id='word_1_125' title='bbox 1098 1819 1138 1874; x_wconf 88' lang='lat' dir='ltr'><strong>ita</strong></span> <span class='ocrx_word' id='word_1_126' title='bbox 1164 1815 1291 1872; x_wconf 78' lang='lat' dir='ltr'><strong>invicem</strong></span> 
     </span>
     <span class='ocr_line' id='line_1_17' title="bbox 241 1913 1291 1991; baseline -0.01 -16"><span class='ocrx_word' id='word_1_127' title='bbox 241 1934 309 1975; x_wconf 85' lang='lat' dir='ltr'><strong>sese</strong></span> <span class='ocrx_word' id='word_1_128' title='bbox 327 1917 520 1991; x_wconf 77' lang='lat' dir='ltr'><strong>reprobantia</strong></span> <span class='ocrx_word' id='word_1_129' title='bbox 540 1917 668 1972; x_wconf 86' lang='lat' dir='ltr'><strong>concilia</strong></span> <span class='ocrx_word' id='word_1_130' title='bbox 681 1917 806 1972; x_wconf 83' lang='lat' dir='ltr'><strong>interim</strong></span> <span class='ocrx_word' id='word_1_131' title='bbox 825 1917 897 1974; x_wconf 90' lang='lat' dir='ltr'><strong>satis</strong></span> <span class='ocrx_word' id='word_1_132' title='bbox 916 1933 972 1971; x_wconf 89' lang='lat' dir='ltr'><strong>nos</strong></span> <span class='ocrx_word' id='word_1_133' title='bbox 994 1925 1076 1970; x_wconf 90' lang='lat' dir='ltr'><strong>tutos</strong></span> <span class='ocrx_word' id='word_1_134' title='bbox 1095 1913 1246 1978; x_wconf 85' lang='lat' dir='ltr'><strong>reddunt,</strong></span> <span class='ocrx_word' id='word_1_135' title='bbox 1264 1917 1291 1966; x_wconf 87' lang='lat' dir='ltr'><strong>et</strong></span> 
     </span>
     <span class='ocr_line' id='line_1_18' title="bbox 240 2001 1292 2090; baseline -0.011 -21"><span class='ocrx_word' id='word_1_136' title='bbox 240 2013 356 2072; x_wconf 77' lang='lat' dir='ltr'><strong>liberos</strong></span> <span class='ocrx_word' id='word_1_137' title='bbox 381 2015 416 2070; x_wconf 91' lang='lat' dir='ltr'><strong>ad</strong></span> <span class='ocrx_word' id='word_1_138' title='bbox 439 2012 708 2090; x_wconf 85' lang='lat' dir='ltr'><strong>contradicendum</strong></span> <span class='ocrx_word' id='word_1_139' title='bbox 736 2011 882 2084; x_wconf 84' lang='lat' dir='ltr'><strong>utrisque.</strong></span> <span class='ocrx_word' id='word_1_140' title='bbox 928 2006 1005 2085; x_wconf 77' lang='lat' dir='ltr'><strong>Qua</strong></span> <span class='ocrx_word' id='word_1_141' title='bbox 1028 2001 1107 2064; x_wconf 82' lang='lat' dir='ltr'><strong>enim</strong></span> <span class='ocrx_word' id='word_1_142' title='bbox 1131 2006 1187 2064; x_wconf 88' lang='lat' dir='ltr'><strong>sibi</strong></span> <span class='ocrx_word' id='word_1_143' title='bbox 1209 2003 1292 2061; x_wconf 86' lang='lat' dir='ltr'><strong>dissi.</strong></span> 
     </span>
     <span class='ocr_line' id='line_1_19' title="bbox 242 2095 1291 2192; baseline -0.011 -27"><span class='ocrx_word' id='word_1_144' title='bbox 242 2109 339 2192; x_wconf 69' lang='lat' dir='ltr'><strong>dent,</strong></span> <span class='ocrx_word' id='word_1_145' title='bbox 359 2108 406 2164; x_wconf 91' lang='lat' dir='ltr'><strong>oui</strong></span> <span class='ocrx_word' id='word_1_146' title='bbox 427 2109 629 2164; x_wconf 82' lang='lat' dir='ltr'><strong>convenient?</strong></span> <span class='ocrx_word' id='word_1_147' title='bbox 655 2109 758 2179; x_wconf 81' lang='lat' dir='ltr'><strong>Atque</strong></span> <span class='ocrx_word' id='word_1_148' title='bbox 778 2107 844 2163; x_wconf 85' lang='lat' dir='ltr'><strong>haee</strong></span> <span class='ocrx_word' id='word_1_149' title='bbox 863 2095 970 2174; x_wconf 87' lang='lat' dir='ltr'><strong>latius,</strong></span> <span class='ocrx_word' id='word_1_150' title='bbox 995 2103 1065 2160; x_wconf 87' lang='lat' dir='ltr'><strong>Deo</strong></span> <span class='ocrx_word' id='word_1_151' title='bbox 1088 2104 1197 2166; x_wconf 82' lang='lat' dir='ltr'><strong>dante,</strong></span> <span class='ocrx_word' id='word_1_152' title='bbox 1224 2105 1291 2153; x_wconf 84' lang='lat' dir='ltr'><strong>eum</strong></span> 
     </span>
     <span class='ocr_line' id='line_1_20' title="bbox 240 2199 769 2276; baseline -0.002 -18"><span class='ocrx_word' id='word_1_153' title='bbox 240 2199 352 2259; x_wconf 87' lang='lat' dir='ltr'><strong>Ecoins</strong></span> <span class='ocrx_word' id='word_1_154' title='bbox 371 2205 400 2258; x_wconf 93' lang='lat' dir='ltr'><strong>in</strong></span> <span class='ocrx_word' id='word_1_155' title='bbox 419 2203 574 2276; x_wconf 80' lang='lat' dir='ltr'><strong>publicum</strong></span> <span class='ocrx_word' id='word_1_156' title='bbox 592 2219 624 2258; x_wconf 90' lang='lat' dir='ltr'><strong>se</strong></span> <span class='ocrx_word' id='word_1_157' title='bbox 643 2202 769 2260; x_wconf 84' lang='lat' dir='ltr'><strong>dederit.</strong></span> 
     </span>
    </p>

    <p class='ocr_par' dir='ltr' id='par_1_6' title="bbox 238 2289 1292 2846">
     <span class='ocr_line' id='line_1_21' title="bbox 309 2289 1290 2368; baseline -0.01 -18"><span class='ocrx_word' id='word_1_158' title='bbox 309 2296 423 2352; x_wconf 89' lang='lat' dir='ltr'><strong>Verum</strong></span> <span class='ocrx_word' id='word_1_159' title='bbox 442 2299 579 2368; x_wconf 90' lang='lat' dir='ltr'><strong>quando,</strong></span> <span class='ocrx_word' id='word_1_160' title='bbox 602 2306 637 2352; x_wconf 89' lang='lat' dir='ltr'><strong>ut</strong></span> <span class='ocrx_word' id='word_1_161' title='bbox 656 2297 734 2364; x_wconf 83' lang='lat' dir='ltr'><strong>dixi,</strong></span> <span class='ocrx_word' id='word_1_162' title='bbox 759 2297 817 2351; x_wconf 82' lang='lat' dir='ltr'><strong>hac</strong></span> <span class='ocrx_word' id='word_1_163' title='bbox 836 2293 1035 2362; x_wconf 81' lang='lat' dir='ltr'><strong>disputatione</strong></span> <span class='ocrx_word' id='word_1_164' title='bbox 1055 2289 1151 2359; x_wconf 80' lang='lat' dir='ltr'><strong>inagis</strong></span> <span class='ocrx_word' id='word_1_165' title='bbox 1173 2297 1290 2360; x_wconf 85' lang='lat' dir='ltr'><strong>tempus</strong></span> 
     </span>
     <span class='ocr_line' id='line_1_22' title="bbox 241 2383 1292 2462; baseline -0.008 -18"><span class='ocrx_word' id='word_1_166' title='bbox 241 2398 288 2446; x_wconf 88' lang='lat' dir='ltr'><strong>est</strong></span> <span class='ocrx_word' id='word_1_167' title='bbox 310 2391 483 2462; x_wconf 89' lang='lat' dir='ltr'><strong>perditum,</strong></span> <span class='ocrx_word' id='word_1_168' title='bbox 519 2407 607 2462; x_wconf 85' lang='lat' dir='ltr'><strong>quam</strong></span> <span class='ocrx_word' id='word_1_169' title='bbox 631 2387 920 2460; x_wconf 76' lang='lat' dir='ltr'><strong>veritasquaesitu:</strong></span> <span class='ocrx_word' id='word_1_170' title='bbox 953 2385 1023 2441; x_wconf 88' lang='lat' dir='ltr'><strong>volo</strong></span> <span class='ocrx_word' id='word_1_171' title='bbox 1048 2383 1292 2456; x_wconf 87' lang='lat' dir='ltr'><strong>propositionum</strong></span> 
     </span>
     <span class='ocr_line' id='line_1_23' title="bbox 238 2477 1291 2556; baseline -0.008 -18"><span class='ocrx_word' id='word_1_172' title='bbox 238 2485 608 2556; x_wconf 73' lang='lat' dir='ltr'><strong>mearumresolutiones</strong></span> <span class='ocrx_word' id='word_1_173' title='bbox 640 2485 670 2540; x_wconf 90' lang='lat' dir='ltr'><strong>in</strong></span> <span class='ocrx_word' id='word_1_174' title='bbox 700 2477 799 2540; x_wconf 86' lang='lat' dir='ltr'><strong>lucem</strong></span> <span class='ocrx_word' id='word_1_175' title='bbox 831 2483 922 2552; x_wconf 87' lang='lat' dir='ltr'><strong>dare,</strong></span> <span class='ocrx_word' id='word_1_176' title='bbox 959 2479 1111 2548; x_wconf 80' lang='lat' dir='ltr'><strong>conlisus,</strong></span> <span class='ocrx_word' id='word_1_177' title='bbox 1144 2479 1291 2547; x_wconf 81' lang='lat' dir='ltr'><strong>rnajorem</strong></span> 
     </span>
     <span class='ocr_line' id='line_1_24' title="bbox 240 2575 1292 2652; baseline -0.006 -18"><span class='ocrx_word' id='word_1_178' title='bbox 240 2579 421 2648; x_wconf 81' lang='lat' dir='ltr'><strong>cognitionis</strong></span> <span class='ocrx_word' id='word_1_179' title='bbox 437 2581 570 2634; x_wconf 76' lang='lat' dir='ltr'><strong>fructum</strong></span> <span class='ocrx_word' id='word_1_180' title='bbox 591 2577 664 2633; x_wconf 89' lang='lat' dir='ltr'><strong>hino</strong></span> <span class='ocrx_word' id='word_1_181' title='bbox 683 2585 925 2652; x_wconf 80' lang='lat' dir='ltr'><strong>proventurum,</strong></span> <span class='ocrx_word' id='word_1_182' title='bbox 955 2577 1088 2649; x_wconf 90' lang='lat' dir='ltr'><strong>quamsi</strong></span> <span class='ocrx_word' id='word_1_183' title='bbox 1111 2575 1159 2632; x_wconf 89' lang='lat' dir='ltr'><strong>bis</strong></span> <span class='ocrx_word' id='word_1_184' title='bbox 1180 2577 1292 2648; x_wconf 88' lang='lat' dir='ltr'><strong>septies</strong></span> 
     </span>
     <span class='ocr_line' id='line_1_25' title="bbox 239 2672 1290 2748; baseline -0.002 -21"><span class='ocrx_word' id='word_1_185' title='bbox 239 2675 277 2728; x_wconf 82' lang='lat' dir='ltr'><strong>ad</strong></span> <span class='ocrx_word' id='word_1_186' title='bbox 302 2674 384 2729; x_wconf 86' lang='lat' dir='ltr'><strong>huno</strong></span> <span class='ocrx_word' id='word_1_187' title='bbox 408 2673 532 2730; x_wconf 88' lang='lat' dir='ltr'><strong>modurn</strong></span> <span class='ocrx_word' id='word_1_188' title='bbox 560 2673 737 2746; x_wconf 88' lang='lat' dir='ltr'><strong>disputetur.</strong></span> <span class='ocrx_word' id='word_1_189' title='bbox 776 2672 898 2748; x_wconf 76' lang='lat' dir='ltr'><strong>Quare,</strong></span> <span class='ocrx_word' id='word_1_190' title='bbox 927 2673 952 2728; x_wconf 85' lang='lat' dir='ltr'><strong>si</strong></span> <span class='ocrx_word' id='word_1_191' title='bbox 977 2673 1023 2728; x_wconf 88' lang='lat' dir='ltr'><strong>cui</strong></span> <span class='ocrx_word' id='word_1_192' title='bbox 1045 2672 1148 2728; x_wconf 87' lang='lat' dir='ltr'><strong>videar</strong></span> <span class='ocrx_word' id='word_1_193' title='bbox 1170 2688 1290 2733; x_wconf 84' lang='lat' dir='ltr'><strong>errare,</strong></span> 
     </span>
     <span class='ocr_line' id='line_1_26' title="bbox 241 2765 1291 2846; baseline -0.006 -22"><span class='ocrx_word' id='word_1_194' title='bbox 241 2785 305 2846; x_wconf 80' lang='lat' dir='ltr'><strong>age,</strong></span> <span class='ocrx_word' id='word_1_195' title='bbox 325 2769 463 2826; x_wconf 84' lang='lat' dir='ltr'><strong>confutet</strong></span> <span class='ocrx_word' id='word_1_196' title='bbox 479 2785 632 2839; x_wconf 90' lang='lat' dir='ltr'><strong>errorem,</strong></span> <span class='ocrx_word' id='word_1_197' title='bbox 646 2770 670 2825; x_wconf 87' lang='lat' dir='ltr'><strong>si</strong></span> <span class='ocrx_word' id='word_1_198' title='bbox 692 2769 766 2838; x_wconf 90' lang='lat' dir='ltr'><strong>odit,</strong></span> <span class='ocrx_word' id='word_1_199' title='bbox 785 2775 835 2823; x_wconf 88' lang='lat' dir='ltr'><strong>aut</strong></span> <span class='ocrx_word' id='word_1_200' title='bbox 853 2768 986 2839; x_wconf 80' lang='lat' dir='ltr'><strong>rectiora</strong></span> <span class='ocrx_word' id='word_1_201' title='bbox 1005 2768 1124 2834; x_wconf 88' lang='lat' dir='ltr'><strong>doceat,</strong></span> <span class='ocrx_word' id='word_1_202' title='bbox 1143 2767 1168 2822; x_wconf 86' lang='lat' dir='ltr'><strong>si</strong></span> <span class='ocrx_word' id='word_1_203' title='bbox 1190 2765 1291 2834; x_wconf 79' lang='lat' dir='ltr'><strong>diligit.</strong></span> 
     </span>
    </p>

    <p class='ocr_par' dir='ltr' id='par_1_7' title="bbox 199 2856 1292 3312">
     <span class='ocr_line' id='line_1_27' title="bbox 291 2856 1291 2936; baseline -0.006 -17"><span class='ocrx_word' id='word_1_204' title='bbox 291 2856 430 2934; x_wconf 64' lang='lat' dir='ltr'><strong>&#39;H&#39;abes,</strong></span> <span class='ocrx_word' id='word_1_205' title='bbox 456 2865 499 2921; x_wconf 85' lang='lat' dir='ltr'><strong>¹mi</strong></span> <span class='ocrx_word' id='word_1_206' title='bbox 525 2865 701 2922; x_wconf 86' lang='lat' dir='ltr'><strong>charissime</strong></span> <span class='ocrx_word' id='word_1_207' title='bbox 727 2863 889 2936; x_wconf 89' lang='lat' dir='ltr'><strong>Spalatine,</strong></span> <span class='ocrx_word' id='word_1_208' title='bbox 914 2863 1073 2918; x_wconf 85' lang='lat' dir='ltr'><strong>historiam</strong></span> <span class='ocrx_word' id='word_1_209' title='bbox 1097 2861 1162 2916; x_wconf 89' lang='lat' dir='ltr'><strong>fere</strong></span> <span class='ocrx_word' id='word_1_210' title='bbox 1185 2869 1291 2915; x_wconf 87' lang='lat' dir='ltr'><strong>totam.</strong></span> 
     </span>
     <span class='ocr_line' id='line_1_28' title="bbox 199 2935 1292 3032; baseline -0.007 -18"><span class='ocrx_word' id='word_1_211' title='bbox 199 2953 203 2970; x_wconf 88' lang='grc'><strong>’</strong></span> <span class='ocrx_word' id='word_1_212' title='bbox 238 2956 320 3014; x_wconf 85' lang='lat' dir='ltr'><strong>Num</strong></span> <span class='ocrx_word' id='word_1_213' title='bbox 340 2960 364 3016; x_wconf 88' lang='lat' dir='ltr'><strong>si</strong></span> <span class='ocrx_word' id='word_1_214' title='bbox 387 2977 444 3032; x_wconf 87' lang='lat' dir='ltr'><strong>qua</strong></span> <span class='ocrx_word' id='word_1_215' title='bbox 465 2961 520 3016; x_wconf 88' lang='lat' dir='ltr'><strong>alia</strong></span> <span class='ocrx_word' id='word_1_216' title='bbox 544 2977 604 3017; x_wconf 92' lang='lat' dir='ltr'><strong>non</strong></span> <span class='ocrx_word' id='word_1_217' title='bbox 624 2961 685 3016; x_wconf 89' lang='lat' dir='ltr'><strong>dixi</strong></span> <span class='ocrx_word' id='word_1_218' title='bbox 706 2961 741 3016; x_wconf 92' lang='lat' dir='ltr'><strong>ad</strong></span> <span class='ocrx_word' id='word_1_219' title='bbox 760 2944 960 3014; x_wconf 69' lang='lat' dir='ltr'><strong>reverentiam</strong></span> <span class='ocrx_word' id='word_1_220' title='bbox 979 2935 1148 3012; x_wconf 58' lang='lat' dir='ltr'><strong>diademis</strong></span> <span class='ocrx_word' id='word_1_221' title='bbox 1168 2955 1292 3027; x_wconf 86' lang='lat' dir='ltr'><strong>Lipsen.</strong></span> 
     </span>
     <span class='ocr_line' id='line_1_29' title="bbox 240 3047 1290 3123; baseline -0.006 -16"><span class='ocrx_word' id='word_1_222' title='bbox 240 3055 303 3120; x_wconf 89' lang='lat' dir='ltr'><strong>sis,</strong></span> <span class='ocrx_word' id='word_1_223' title='bbox 326 3056 407 3112; x_wconf 78' lang='lat' dir='ltr'><strong>mihi&#39;</strong></span> <span class='ocrx_word' id='word_1_224' title='bbox 425 3057 626 3123; x_wconf 73' lang='lat' dir='ltr'><strong>charissime,</strong></span> <span class='ocrx_word' id='word_1_225' title='bbox 651 3073 714 3111; x_wconf 93' lang='lat' dir='ltr'><strong>non</strong></span> <span class='ocrx_word' id='word_1_226' title='bbox 738 3053 817 3118; x_wconf 86' lang='lat' dir='ltr'><strong>dixi,</strong></span> <span class='ocrx_word' id='word_1_227' title='bbox 842 3069 879 3107; x_wconf 91' lang='lat' dir='ltr'><strong>ne</strong></span> <span class='ocrx_word' id='word_1_228' title='bbox 906 3053 985 3122; x_wconf 82' lang='lat' dir='ltr'><strong>regis</strong></span> <span class='ocrx_word' id='word_1_229' title='bbox 1007 3052 1135 3107; x_wconf 81' lang='lat' dir='ltr'><strong>idumeae</strong></span> <span class='ocrx_word' id='word_1_230' title='bbox 1162 3053 1242 3104; x_wconf 68' lang='lat' dir='ltr'><strong>ossa·</strong></span> <span class='ocrx_word' id='word_1_231' title='bbox 1257 3047 1290 3101; x_wconf 94' lang='lat' dir='ltr'><strong>ad</strong></span> 
     </span>
     <span class='ocr_line' id='line_1_30' title="bbox 239 3127 1291 3222; baseline -0.007 -20"><span class='ocrx_word' id='word_1_232' title='bbox 239 3147 358 3202; x_wconf 83' lang='lat' dir='ltr'><strong>cineres</strong></span> <span class='ocrx_word' id='word_1_233' title='bbox 379 3147 557 3216; x_wconf 79' lang='lat' dir='ltr'><strong>redigerem.</strong></span> <span class='ocrx_word' id='word_1_234' title='bbox 594 3151 774 3222; x_wconf 82' lang='lat' dir='ltr'><strong>Quanquam</strong></span> <span class='ocrx_word' id='word_1_235' title='bbox 794 3127 851 3204; x_wconf 88' lang='lat' dir='ltr'><strong>nisi</strong></span> <span class='ocrx_word' id='word_1_236' title='bbox 872 3147 982 3203; x_wconf 86' lang='lat' dir='ltr'><strong>scirem</strong></span> <span class='ocrx_word' id='word_1_237' title='bbox 1001 3146 1063 3200; x_wconf 89' lang='lat' dir='ltr'><strong>hoo</strong></span> <span class='ocrx_word' id='word_1_238' title='bbox 1086 3141 1163 3198; x_wconf 86' lang='lat' dir='ltr'><strong>meis</strong></span> <span class='ocrx_word' id='word_1_239' title='bbox 1186 3159 1291 3216; x_wconf 66' lang='lat' dir='ltr'><strong>peona.</strong></span> 
     </span>
     <span class='ocr_line' id='line_1_31' title="bbox 238 3217 1290 3312; baseline -0.006 -14"><span class='ocrx_word' id='word_1_240' title='bbox 238 3242 278 3298; x_wconf 87' lang='lat' dir='ltr'><strong>tis</strong></span> <span class='ocrx_word' id='word_1_241' title='bbox 300 3241 452 3311; x_wconf 86' lang='lat' dir='ltr'><strong>debitum,</strong></span> <span class='ocrx_word' id='word_1_242' title='bbox 469 3243 540 3298; x_wconf 88' lang='lat' dir='ltr'><strong>satis</strong></span> <span class='ocrx_word' id='word_1_243' title='bbox 559 3217 677 3312; x_wconf 74' lang='lat' dir='ltr'><strong>indigne</strong></span> <span class='ocrx_word' id='word_1_244' title='bbox 696 3243 826 3309; x_wconf 86' lang='lat' dir='ltr'><strong>ferrem,</strong></span> <span class='ocrx_word' id='word_1_245' title='bbox 847 3256 895 3294; x_wconf 89' lang='lat' dir='ltr'><strong>me</strong></span> <span class='ocrx_word' id='word_1_246' title='bbox 915 3250 976 3295; x_wconf 88' lang='lat' dir='ltr'><strong>tam</strong></span> <span class='ocrx_word' id='word_1_247' title='bbox 997 3237 1148 3294; x_wconf 86' lang='lat' dir='ltr'><strong>sterilibus</strong></span> <span class='ocrx_word' id='word_1_248' title='bbox 1162 3237 1290 3307; x_wconf 80' lang='lat' dir='ltr'><strong>negotiis</strong></span> 
     </span>
    </p>
   </div>
   <div class='ocr_carea' id='block_1_5' title="bbox 149 3333 1289 3408">
    <p class='ocr_par' dir='ltr' id='par_1_8' title="bbox 149 3333 1289 3408">
     <span class='ocr_line' id='line_1_32' title="bbox 149 3333 1289 3408; baseline -0.005 -16"><span class='ocrx_word' id='word_1_249' title='bbox 149 3371 152 3378; x_wconf 89' lang='lat'>·</span> <span class='ocrx_word' id='word_1_250' title='bbox 240 3337 382 3406; x_wconf 86' lang='lat' dir='ltr'><strong>occupari</strong></span> <span class='ocrx_word' id='word_1_251' title='bbox 403 3336 440 3391; x_wconf 90' lang='lat' dir='ltr'><strong>de</strong></span> <span class='ocrx_word' id='word_1_252' title='bbox 465 3335 676 3405; x_wconf 76' lang='lat' dir='ltr'><strong>indulgentiis,</strong></span> <span class='ocrx_word' id='word_1_253' title='bbox 703 3338 832 3408; x_wconf 86' lang='lat' dir='ltr'><strong>primatu</strong></span> <span class='ocrx_word' id='word_1_254' title='bbox 854 3345 883 3390; x_wconf 87' lang='lat' dir='ltr'><strong>et</strong></span> <span class='ocrx_word' id='word_1_255' title='bbox 902 3333 1084 3407; x_wconf 81' lang='lat' dir='ltr'><strong>privilegiis,</strong></span> <span class='ocrx_word' id='word_1_256' title='bbox 1112 3333 1239 3406; x_wconf 88' lang='lat' dir='ltr'><strong>aliisque</strong></span> <span class='ocrx_word' id='word_1_257' title='bbox 1256 3333 1289 3386; x_wconf 83' lang='lat' dir='ltr'><strong>ad</strong></span> 
     </span>
    </p>
   </div>
   <div class='ocr_carea' id='block_1_6' title="bbox 222 3421 1294 4054">
    <p class='ocr_par' dir='ltr' id='par_1_9' title="bbox 222 3421 1294 4054">
     <span class='ocr_line' id='line_1_33' title="bbox 222 3421 1290 3502; baseline -0.004 -16"><span class='ocrx_word' id='word_1_258' title='bbox 222 3433 365 3490; x_wconf 60' lang='lat' dir='ltr'><strong>,salutem</strong></span> <span class='ocrx_word' id='word_1_259' title='bbox 390 3421 463 3486; x_wconf 83' lang='lat' dir='ltr'><strong>nihil</strong></span> <span class='ocrx_word' id='word_1_260' title='bbox 487 3432 665 3486; x_wconf 85' lang='lat' dir='ltr'><strong>necessariis</strong></span> <span class='ocrx_word' id='word_1_261' title='bbox 693 3429 804 3494; x_wconf 87' lang='lat' dir='ltr'><strong>rebus,</strong></span> <span class='ocrx_word' id='word_1_262' title='bbox 836 3431 945 3502; x_wconf 87' lang='lat' dir='ltr'><strong>quibus</strong></span> <span class='ocrx_word' id='word_1_263' title='bbox 969 3429 1005 3485; x_wconf 87' lang='lat' dir='ltr'><strong>ab</strong></span> <span class='ocrx_word' id='word_1_264' title='bbox 1035 3430 1158 3502; x_wconf 84' lang='lat' dir='ltr'><strong>optimis</strong></span> <span class='ocrx_word' id='word_1_265' title='bbox 1185 3440 1290 3485; x_wconf 89' lang='lat' dir='ltr'><strong>nostro</strong></span> 
     </span>
     <span class='ocr_line' id='line_1_34' title="bbox 236 3523 1293 3597; baseline -0.004 -18"><span class='ocrx_word' id='word_1_266' title='bbox 236 3529 347 3580; x_wconf 82' lang='lat' dir='ltr'><strong>saeoulo</strong></span> <span class='ocrx_word' id='word_1_267' title='bbox 361 3527 467 3581; x_wconf 85' lang='lat' dir='ltr'><strong>studiis</strong></span> <span class='ocrx_word' id='word_1_268' title='bbox 481 3543 596 3581; x_wconf 87' lang='lat' dir='ltr'><strong>nvooor</strong></span> <span class='ocrx_word' id='word_1_269' title='bbox 617 3527 865 3597; x_wconf 82' lang='lat' dir='ltr'><strong>indignabundus.</strong></span> <span class='ocrx_word' id='word_1_270' title='bbox 887 3523 976 3581; x_wconf 82' lang='lat' dir='ltr'><strong>Nam</strong></span> <span class='ocrx_word' id='word_1_271' title='bbox 992 3533 1025 3580; x_wconf 89' lang='lat' dir='ltr'><strong>ut</strong></span> <span class='ocrx_word' id='word_1_272' title='bbox 1039 3523 1191 3579; x_wconf 75' lang='lat' dir='ltr'><strong>illustriss.</strong></span> <span class='ocrx_word' id='word_1_273' title='bbox 1206 3523 1293 3580; x_wconf 90' lang='lat' dir='ltr'><strong>Prin.</strong></span> 
     </span>
     <span class='ocr_line' id='line_1_35' title="bbox 240 3615 1294 3692; baseline -0.001 -20"><span class='ocrx_word' id='word_1_274' title='bbox 240 3635 311 3689; x_wconf 87' lang='lat' dir='ltr'><strong>ceps</strong></span> <span class='ocrx_word' id='word_1_275' title='bbox 324 3619 396 3674; x_wconf 79' lang='lat' dir='ltr'><strong>Duur</strong></span> <span class='ocrx_word' id='word_1_276' title='bbox 414 3619 566 3689; x_wconf 78' lang='lat' dir='ltr'><strong>Georgius</strong></span> <span class='ocrx_word' id='word_1_277' title='bbox 585 3623 814 3692; x_wconf 85' lang='lat' dir='ltr'><strong>prudentissime</strong></span> <span class='ocrx_word' id='word_1_278' title='bbox 830 3621 937 3678; x_wconf 86' lang='lat' dir='ltr'><strong>ambos</strong></span> <span class='ocrx_word' id='word_1_279' title='bbox 954 3617 1010 3674; x_wconf 84' lang='lat' dir='ltr'><strong>nos</strong></span> <span class='ocrx_word' id='word_1_280' title='bbox 1029 3615 1196 3674; x_wconf 80' lang='lat' dir='ltr'><strong>verberans</strong></span> <span class='ocrx_word' id='word_1_281' title='bbox 1210 3617 1294 3684; x_wconf 82' lang='lat' dir='ltr'><strong>dixit,</strong></span> 
     </span>
     <span class='ocr_line' id='line_1_36' title="bbox 239 3711 1293 3788; baseline -0.002 -20"><span class='ocrx_word' id='word_1_282' title='bbox 239 3713 303 3768; x_wconf 87' lang='lat' dir='ltr'><strong>sive</strong></span> <span class='ocrx_word' id='word_1_283' title='bbox 322 3715 383 3769; x_wconf 90' lang='lat' dir='ltr'><strong>hoo</strong></span> <span class='ocrx_word' id='word_1_284' title='bbox 403 3717 440 3770; x_wconf 92' lang='lat' dir='ltr'><strong>sit</strong></span> <span class='ocrx_word' id='word_1_285' title='bbox 454 3715 524 3785; x_wconf 86' lang='lat' dir='ltr'><strong>jure</strong></span> <span class='ocrx_word' id='word_1_286' title='bbox 544 3717 669 3788; x_wconf 74' lang='lat' dir='ltr'><strong>divino,</strong></span> <span class='ocrx_word' id='word_1_287' title='bbox 686 3719 749 3772; x_wconf 88' lang='lat' dir='ltr'><strong>sive</strong></span> <span class='ocrx_word' id='word_1_288' title='bbox 770 3719 920 3786; x_wconf 86' lang='lat' dir='ltr'><strong>humano,</strong></span> <span class='ocrx_word' id='word_1_289' title='bbox 944 3711 1036 3771; x_wconf 83' lang='lat' dir='ltr'><strong>Rom.</strong></span> <span class='ocrx_word' id='word_1_290' title='bbox 1054 3713 1206 3771; x_wconf 81' lang='lat' dir='ltr'><strong>Pontifex</strong></span> <span class='ocrx_word' id='word_1_291' title='bbox 1227 3721 1293 3780; x_wconf 88' lang='lat' dir='ltr'><strong>est,</strong></span> 
     </span>
     <span class='ocr_line' id='line_1_37' title="bbox 225 3807 1293 3878; baseline -0.001 -17"><span class='ocrx_word' id='word_1_292' title='bbox 225 3817 268 3862; x_wconf 74' lang='grc' dir='ltr'><strong>ἐι</strong></span> <span class='ocrx_word' id='word_1_293' title='bbox 290 3817 388 3862; x_wconf 87' lang='lat' dir='ltr'><strong>manet</strong></span> <span class='ocrx_word' id='word_1_294' title='bbox 408 3825 544 3877; x_wconf 84' lang='lat' dir='ltr'><strong>summus¹</strong></span> <span class='ocrx_word' id='word_1_295' title='bbox 566 3810 732 3867; x_wconf 81' lang='lat' dir='ltr'><strong>Pontifex:</strong></span> <span class='ocrx_word' id='word_1_296' title='bbox 762 3813 801 3866; x_wconf 89' lang='lat' dir='ltr'><strong>ita</strong></span> <span class='ocrx_word' id='word_1_297' title='bbox 821 3812 1015 3878; x_wconf 79' lang='lat' dir='ltr'><strong>vere&#39;dixit,</strong></span> <span class='ocrx_word' id='word_1_298' title='bbox 1047 3817 1160 3864; x_wconf 81' lang='lat' dir='ltr'><strong>utnon</strong></span> <span class='ocrx_word' id='word_1_299' title='bbox 1187 3807 1293 3863; x_wconf 79' lang='lat' dir='ltr'><strong>leviter</strong></span> 
     </span>
     <span class='ocr_line' id='line_1_38' title="bbox 240 3895 1291 3976; baseline -0.01 -18"><span class='ocrx_word' id='word_1_300' title='bbox 240 3903 376 3958; x_wconf 87' lang='lat' dir='ltr'><strong>inutilem</strong></span> <span class='ocrx_word' id='word_1_301' title='bbox 402 3903 895 3976; x_wconf 65' lang='lat' dir='ltr'><strong>hanc‘nostramdispututionem</strong></span> <span class='ocrx_word' id='word_1_302' title='bbox 922 3905 1025 3971; x_wconf 81' lang='lat' dir='ltr'><strong>insigni</strong></span> <span class='ocrx_word' id='word_1_303' title='bbox 1050 3903 1110 3954; x_wconf 83' lang='lat' dir='ltr'><strong>hau</strong></span> <span class='ocrx_word' id='word_1_304' title='bbox 1143 3895 1291 3954; x_wconf 77' lang='lat' dir='ltr'><strong>modestia</strong></span> 
     </span>
     <span class='ocr_line' id='line_1_39' title="bbox 243 3999 366 4054; baseline 0.033 -4"><span class='ocrx_word' id='word_1_305' title='bbox 243 3999 366 4054; x_wconf 87' lang='lat' dir='ltr'><strong>taxavit.</strong></span> 
     </span>
    </p>
   </div>
   <div class='ocr_carea' id='block_1_7' title="bbox 0 0 1383 4548">
    <p class='ocr_par' dir='ltr' id='par_1_10' title="bbox 0 0 1383 4548">
     <span class='ocr_line' id='line_1_40' title="bbox 0 0 1383 4548; baseline 0 0"><span class='ocrx_word' id='word_1_306' title='bbox 0 0 1383 4548; x_wconf 95' lang='lat' dir='ltr'><strong> </strong></span> 
     </span>
    </p>
   </div>
  </div>
 </body>
</html>
