2716 4556
552 345 649 416 1519⁸¹
767 379 770 388 =
1063 349 1127 420 ses
1164 406 1173 436 „

131 503 290 562 Patereo
317 509 423 559 cetera
456 503 520 574 ejus
553 503 685 578 epistola
719 521 787 560 cum
821 505 971 580 reliquis
967 522 1124 584 monstra,

59 599 162 674 quisi
188 603 263 666 (tuo
276 601 393 692 more)
422 599 559 655 vindicta
579 603 684 656 lurore
702 594 851 672 lurererii,
870 602 956 658 brevi
976 623 1122 684 compen.

58 697 114 751 dio
132 707 163 753 ts
179 697 235 751 tou
253 695 321 752 orbi
338 695 552 761 traderemi),
582 697 677 766 qualis
693 696 787 768 qualis
807 713 849 758 es.
869 698 976 754 Edita
969 719 998 756 in
1016 703 1124 772 vulgus
1195 735 1197 743 ν

59 802 112 845 est
127 787 169 856 l)
199 791 292 845 altera
307 790 449 864 epistola,
468 789 519 845 sed
537 791 710 860 theologico
725 792 838 848 nomini
856 809 963 864 parco:
983 797 1025 851 tui
1044 797 1124 854 enim

58 901 114 940 me
133 887 163 940 io
184 886 311 942 veritate
325 887 458 940 miseret.
486 884 565 942 Nam
586 889 669 956 quod
689 901 742 957 per
761 889 856 942 totam
875 893 1124 961 expurgationem

59 997 126 1036 non
149 979 205 1035 nisi
227 981 485 1040 criminationibus
499 981 559 1036 mei
573 990 688 1050 scates,
707 999 784 1038 cum·
798 983 827 1038 id
844 983 936 1040 facias
954 987 1065 1042 misera
1085 988 1126 1043 si.

59 1075 241 1132 mulationis
266 1077 471 1144 conscientia,
493 1092 616 1147 sperans
637 1076 695 1131 hac
716 1075 836 1148 via,'te
854 1095 889 1133 os
910 1079 1075 1135 obliturum
1094 1090 1125 1137 et

60 1182 188 1224 manum
198 1169 369 1226 additurum
379 1171 435 1226 toti
450 1171 579 1226 mundo:
599 1171 678 1226 scito
694 1171 772 1242 hoc,
791 1171 1050 1230 criminationibus
1063 1175 1124 1229 mei
1172 1197 1175 1208 ·

61 1275 96 1320 et
112 1265 157 1320 tui
175 1263 425 1338 Lipsensiumque
437 1268 523 1322 laude
538 1281 664 1340 prorsus
677 1265 751 1322 nihil
770 1283 909 1336 moveor,
927 1267 1141 1345 simulationi.v
1230 1317 1234 1329 ,

61 1359 123 1415 bus
142 1373 242 1414 autem
265 1361 429 1432 tuispaenc
456 1361 593 1418 occidor.
628 1360 721 1435 Quod
741 1371 912 1418 monstrum
931 1368 962 1418 et
984 1359 1126 1419 Christus

62 1455 204 1509 omniurn
229 1455 415 1526 iniquissime
442 1457 532 1524 tulit,
561 1469 739 1536 peccatores
764 1456 873 1528 alioqui
897 1463 928 1512 et
947 1455 1125 1529 publicanos

62 1563 189 1620 apertos
216 1551 395 1606 suavissime
423 1553 603 1634 amplexus„
637 1551 678 1607 Et
698 1551 769 1624 quid
788 1539 902 1608 odisset
924 1551 1037 1608 veritas
1061 1546 1127 1606 dul.

62 1644 208 1712 cissima,
228 1663 315 1716 quam
330 1647 464 1704 veritatis
479 1647 596 1717 hostes,
615 1646 853 1703 titulove'rltatis
866 1662 898 1702 se
912 1643 1125 1702 venditantes?

134 1737 258 1810 Porro,
272 1741 391 1810 judices
407 1759 500 1816 quare
514 1743 634 1813 jactas?
653 1759 689 1798 an
710 1741 792 1814 quod
810 1757 916 1796 eorum
942 1741 1127 1796 sententiam

63 1833 215 1903 illuseris,
234 1846 268 1890 ut
282 1836 605 1910 inveniaturiniquitas
620 1845 669 1892 tna
685 1837 720 1892 ad
737 1837 861 1892 odium?
879 1835 1032 1890 Habemus
1045 1820 1128 1888 tuam

63 1929 340 2006 enpnrgationem,
370 1949 459 2004 quam
477 1949 666 2010 opponamus
681 1929 826 1987 universo
847 1932 980 2000 mundo,
1007 1927 1128 1986 docturi
1149 1937 1152 1942 “

63 2022 218 2094 Lipsicam
245 2025 324 2080 hanc
348 2027 581 2100 disputationem
608 2027 701 2082 feisse
726 2023 888 2080 ludibrium
907 2023 1068 2100 veritatis,
1095 2027 1128 2079 ct

62 2115 232 2172 Ecclaaarn
246 2119 479 2190 simulationem,
500 2137 565 2192 quaa
583 2119 672 2180 latins
690 2119 828 2191 pandam,
848 2117 899 2174 ubi
914 2117 1043 2196 ampulla
1062 2124 1128 2186 tua,

66 2225 160 2280 quam
178 2214 328 2284 parturis,
354 2216 523 2286 prodierit:
548 2215 670 2272 interim
691 2215 728 2272 ad
750 2213 865 2285 reliqua
881 2212 972 2283 hujus
992 2209 1130 2282 sterqui-

66 2305 133 2360 linii
153 2305 195 2360 tui
215 2309 399 2379 respondere
417 2311 510 2380 nolo,
528 2327 586 2367 nec
604 2325 681 2384 opus
701 2317 764 2377 est,
782 2323 840 2363 una
856 2305 914 2362 hac
941 2312 1026 2379 parte
1047 2317 1131 2361 sum.

67 2400 167 2454 maria
186 2403 257 2458 satis
275 2413 479 2474 monstrante,
499 2405 550 2477 qui
568 2405 609 2462 sis
627 2405 657 2460 in
675 2412 753 2460 toto.

140 2493 182 2550 Et
204 2507 236 2551 ut
258 2499 379 2554 redeam
405 2501 440 2555 ad
466 2509 514 2569 te,
546 2501 614 2556 dico
634 2509 665 2556 at
682 2512 822 2571 propono
842 2510 946 2552 coram
964 2501 996 2550 te
1014 2499 1045 2550 et
1063 2493 1133 2549 nni.

42 2591 46 2598 '
68 2604 162 2645 verso
181 2593 279 2660 orbe,
294 2603 495 2666 repetensque
513 2595 670 2650 etiterum
690 2593 777 2650 dico:
795 2587 995 2647 Carolostadii
1016 2603 1131 2659 propo.

67 2683 198 2741 sitiones
216 2699 282 2757 esse
303 2677 407 2756 ieras,
426 2687 564 2744 similiter
583 2697 613 2743 et
632 2703 729 2744 meam
749 2686 918 2756 epistolam.
953 2681 995 2738 Et
1017 2689 1053 2736 ut
1074 2679 1132 2736 tibi

69 2777 196 2833 sortiter
209 2779 374 2850 inculcem,
393 2798 430 2836 ne
451 2777 545 2839 aliens
564 2783 696 2850 intutus,
719 2779 875 2852 proposita
898 2775 1003 2846 (sient
1024 2774 1132 2844 soles)

70 2873 248 2944 relinquas,
278 2876 451 2949 majusculis
472 2877 566 2934 literis
590 2873 752 2944 designabo
774 2886 944 2928 summam:
981 2868 1010 2924 Si
1032 2867 1134 2937 herr)

69 2967 298 3040 propositiones
325 2987 413 3028 verns
437 2987 503 3029 esse
531 2971 691 3038 concedis,
719 2966 801 3040 quod
821 2961 949 3022 aterum
967 2959 1133 3020 arbitrium

69 3067 146 3116 anre
172 3065 313 3135 qratiam
342 3074 404 3122 iton
430 3066 529 3133 solim
554 3081 616 3121 non
640 3069 795 3129 meretur,
831 3059 888 3116 sed
908 3061 1002 3116 etiam
1022 3062 1133 3134 meost

70 3153 310 3229 damnabiliter,
348 3158 470 3228 (audis,
501 3159 603 3222 audis,
634 3156 728 3226 Ecci,
755 3172 794 3212 nc
827 3135 1028 3222 simules)⁸ct
1053 3167 1132 3224 pru·
1183 3233 1187 3250 ι

66 3249 204 3322 pinquat
228 3251 410 3308 nouaclum
441 3255 485 3318 ei,
515 3251 596 3326 priori
622 3259 666 3308 est
692 3267 753 3308 non
783 3249 960 3320 meritorio,
990 3247 1046 3303 aed
1070 3246 1132 3302 irri-

69 3341 186 3418 qur‘toii
201 3345 330 3402 mortali
336 3379 345 3410 ,
376 3346 448 3402 dion
465 3345 592 3402 intenrb't
610 3347 742 3402 caiani:
759 3345 859 3402 victus
879 3360 929 3412 es,
953 3351 983 3399 ct
1002 3341 1130 3416 epistola

70 3455 142 3494 mea
168 3455 241 3494 vera
268 3453 324 3497 est.
367 3441 396 3496 Si
414 3459 505 3512 negas
523 3453 575 3498 aut
594 3441 764 3497 concedere
787 3439 929 3508 simulas,
954 3436 1133 3508 Pelagianos
1164 3491 1167 3498 ,

72 3549 120 3588 es.
155 3531 209 3588 Vir
228 3551 276 3604 es,
303 3545 332 3590 et
351 3535 576 3596 Carolostadius
596 3537 735 3612 puerilis:
764 3551 825 3591 non
848 3531 1169 3640 dubitamus‚quin·

72 3627 117 3682 sis
140 3625 298 3683 heroicam
316 3639 400 3685 tuam
419 3627 563 3688 virtutem
582 3641 777 3690 ostensurus.
798 3629 852 3686 sed
873 3629 974 3698 scito,
993 3644 1049 3686 nos
1069 3625 1134 3698 jam
1187 3633 1189 3638 '

72 3737 139 3778 uon
155 3717 227 3790 nbi
247 3725 326 3779 sicut
343 3735 426 3794 ante,
444 3729 626 3786 credituros.
663 3727 875 3786 simulatorem
888 3722 1136 3790 observabimus.

130 3973 165 4026 sl
194 3967 305 4022 natatur
322 3971 439 4018 traderes.
483 3948 487 3957 Α

130 4052 162 4104 q)
192 4050 220 4094 A.
238 4061 267 4094 ea
283 4060 315 4096 et·
530 4047 534 4054 '

131 4131 159 4178 r)
188 4128 372 4176 acaristasii.
412 4129 422 4147 '¹

268 4271 278 4286 a.

309 4299 317 4326 i
