2756 4558
491 293 503 330 ”·
581 321 675 392 arta.
850 356 857 385 ι
1097 331 1162 401 roo

100 481 193 548 naua,
213 481 272 539 nini
293 482 368 538 vciia
389 481 561 554 exemplum
585 482 746 540 rhetorica
766 481 991 540 declamationis
1014 501 1157 549 carnarc:

101 589 133 636 at
151 579 177 636 ci
204 581 242 635 de
266 587 404 634 stercore
431 579 480 633 vel
505 579 566 634 asta·
582 595 615 634 rc
636 579 718 635 nihili
743 579 893 647 ingenium
913 590 944 636 at
968 590 1064 640 artam
1089 585 1158 654 quia

100 682 255 731 exerceat.
301 671 350 728 Ita
376 671 435 728 Dci
466 673 561 730 voluit
587 681 635 730 tot
665 674 773 730 anania
803 673 852 730 hia
874 674 960 743 nugis
985 686 1015 731 ct
1043 677 1158 736 aindarn

97 769 173 824 nihil
188 769 351 824 intaiiectia
366 769 532 824 humanum
546 785 640 838 genua
654 769 809 840 occupari.
847 768 951 826 citteo
969 787 1026 840 ego
1044 771 1157 830 tibrum

95 863 178 919 iutna
202 867 244 919 αι’
258 863 352 925 foria,
372 873 405 918 ιιι
425 864 476 934 qni
497 864 619 936 rejectio
640 863 747 932 glaucia
760 863 823 934 jam
846 863 893 919 hin
915 865 1059 923 fratribua
1078 869 1155 925 meta

93 952 239 1032 privatim
256 973 326 1012 curn
343 957 477 1028 dcdcriru
495 959 677 1029 expositum.
713 958 855 1030 Daniqua
872 959 940 1036 iiao
963 971 1078 1018 tantum
1094 963 1154 1034 1ch
1191 961 1195 966 '

95 1071 115 1109 a
134 1055 226 1110 nobis
249 1063 410 1120 censetur,
436 1063 470 1108 ut
498 1053 656 1124 aliquando
686 1052 743 1122 (et
771 1052 800 1108 iti
821 1052 907 1124 cito)
933 1055 1048 1112 deainat
1075 1056 1157 1128 Ιιςὶ,λ
1207 1049 1217 1064 “

95 1151 219 1220 quando
235 1145 273 1215 ²)
290 1148 396 1203 utilior
419 1163 457 1202 ao
483 1147 573 1220 longa
594 1157 674 1204 catat
699 1149 748 1203 vel
769 1147 908 1204 Baroaldi
934 1149 1031 1222 aliqua
1054 1137 1157 1208 da‘cln.
1190 1209 1195 1222 ,
1238 1183 1248 1190 -

95 1241 216 1298 matio:
247 1242 320 1297 nihii
342 1255 468 1312 prorant
493 1241 522 1296 in
550 1257 588 1298 ao
610 1251 656 1298 cat
678 1243 811 1300 scientia
838 1259 940 1298 rarum
963 1245 1154 1302 naturalium.

95 1335 246 1406 Ejusdem
260 1335 361 1390 farina
384 1346 415 1390 at
430 1335 634 1408 metaphysica
652 1346 683 1391 at
706 1338 743 1392 da
761 1338 856 1392 anima
879 1347 958 1394 cunt.
992 1337 1153 1408 Indignum

97 1439 144 1484 eat
166 1431 285 1499 itaqua,
304 1429 332 1484 id
354 1429 462 1497 ingenii
482 1431 512 1486 in
536 1445 573 1484 ao
593 1445 738 1500 nugarum
768 1445 857 1486 coeno
883 1432 1017 1488 uersari:
1045 1431 1154 1488 ancliua

97 1525 209 1594 iegitur
227 1540 288 1586 non
310 1521 481 1578 intellectus
505 1520 581 1594 (pro
603 1524 845 1594 dispensatione)
865 1541 953 1598 qaam
971 1524 1154 1584 intellectae.
1245 1575 1248 1582 .

166 1617 261 1674 Mitto
292 1618 392 1673 literar
425 1616 510 1673 Eccii
537 1617 710 1688 jactabundi
747 1635 782 1674 ac
809 1619 872 1691 jam
905 1617 1171 1695 triumphabundt
1228 1662 1233 1670 ,

98 1711 300 1784 Olympionioi
316 1715 362 1778 a).
407 1709 495 1774 Misit
512 1714 548 1766 ad
567 1727 624 1768 noa
640 1707 799 1772 Joliannca
818 1713 986 1770 Frobcniua
1007 1712 1156 1787 ornacula¹

94 1821 188 1876 maa,
220 1807 296 1878 apud
322 1821 355 1862 aa
384 1821 496 1861 excusa
527 1823 597 1862 cuna
625 1807 741 1876 literis,
774 1824 840 1882 quan
864 1809 890 1864 ai
917 1808 1021 1864 uidere
1046 1807 1153 1878 roias,

93 1903 225 1957 mittam.

171 1993 351 2050 Orationem
381 1993 573 2050 Dominicam
605 2011 668 2052 non
705 2011 831 2068 potatam
864 1994 1001 2051 Latinam
1029 1995 1152 2063 facero,

91 2079 332 2159 tot'occupatua
368 2089 521 2161 operibus.
555 2089 682 2160 Singulis
709 2089 816 2146 diebus
841 2090 959 2164 varneri
986 2090 1152 2160 pronuntio
1175 2153 1179 2172 .

74 2181 197 2264 'pueris
216 2193 246 2238 et
267 2183 390 2240 rudibus
415 2175 584 2255 praaccptat,¹
609 2195 640 2238 et
659 2185 828 2240 orationem
847 2183 1058 2240 Dominicam:
1085 2192 1152 2239 tum

92 2279 247 2350 praedico.
263 2279 323 2347 jam
343 2289 373 2333 et
393 2275 523 2334 Paulum
544 2279 579 2333 ad
602 2277 723 2334 Galatas
740 2279 892 2351 parturio,
911 2289 1020 2351 praetcr
1038 2279 1153 2334 oratio.

94 2389 153 2429 naa
178 2373 389 2428 ceremonialea
411 2383 442 2428 et
462 2373 623 2428 lectiones:
642 2389 768 2444 prorsus
787 2390 847 2428 non
869 2384 915 2430 aut
933 2383 1053 2446 tempus
1074 2371 1151 2430 milti

92 2467 191 2530 satia,
222 2467 326 2522 nadnm
351 2467 546 2539 anperfluum.
593 2463 699 2522 Habeo
728 2482 900 2522 tarmonem
931 2468 960 2524 in
982 2477 1082 2523 manta
1112 2468 1151 2524 da

90 2560 289 2617 meditatione
306 2561 451 2633 parrionis
472 2559 608 2617 Chritti:
627 2561 678 2616 aad
698 2562 821 2629 nescio,
850 2577 886 2616 an
908 2571 1025 2617 tantam
1041 2575 1150 2632 cuper.

10 2639 16 2648 ’
92 2656 229 2711 futuram
251 2655 289 2710 ait
309 2655 384 2723 otii,
402 2656 463 2710 ut
456 2673 485 2710 ιιι
501 2655 604 2710 literas
624 2655 773 2712 referam:
792 2653 874 2712 tiabo
894 2665 993 2710 tantan
1012 2669 1148 2728 oporam.

163 2745 259 2804 Varao
280 2757 311 2804 et
333 2749 455 2807 decreta
482 2748 684 2818 Pontificum,
711 2767 767 2822 pro
788 2766 853 2804 maa
877 2750 1099 2821 disputationa,
1118 2752 1149 2802 et

90 2843 109 2914 (
115 2843 146 2899 in
166 2841 334 2898 curamribi
353 2841 488 2914 loquor)
507 2847 626 2914 nescio,
647 2861 684 2900 an
702 2843 784 2914 Papa
802 2845 841 2898 ait
857 2843 1064 2898 Antichristus
1085 2843 1150 2912 ipa·

87 2937 137 2994 vel
159 2937 315 3009 apostolus
337 2937 418 3007 ejuc:
446 2939 521 3006 adpo
544 2939 654 2994 misera
673 2937 879 3008 corrumpitur
902 2947 932 2992 ct
960 2933 1148 3004 crucifigitur

6 3091 9 3104 ‚
88 3031 233 3087 Christus
259 3027 276 3098 (
286 3031 316 3086 id
341 3041 387 3088 ent
419 3033 554 3099 vcritaa)
585 3031 621 3087 ab
647 3047 684 3086 eo
711 3031 740 3086 in
772 3031 912 3086 decretis.
967 3029 1149 3086 Discrucior

85 3127 200 3182 mirum
225 3123 255 3180 in
278 3126 421 3192 modum,
449 3127 592 3184 siciiludi
611 3125 757 3202 populum
777 3123 906 3192 Christi,
926 3127 1027 3197 apccic
1049 3126 1149 3192 legum
1193 3189 1196 3198 ⁴
1254 3163 1259 3170 .

85 3231 118 3276 ct
145 3219 309 3278 Christiani
331 3219 470 3276 nominis.
510 3222 680 3292 Aliquando
703 3219 756 3275 tibi
782 3221 900 3291 copiam
923 3219 1029 3274 faciam
1054 3233 1149 3274 anno.

84 3315 237 3370 rationum
254 3329 391 3368 mearunt
412 3314 441 3368 in
460 3315 599 3382 decreta,
618 3327 650 3370 ιιι
670 3325 700 3370 et
719 3327 752 3370 tu
771 3318 892 3382 videas,
912 3314 982 3386 quid
1002 3314 1043 3368 ait
1065 3312 1146 3381 inger

85 3409 242 3480 condere,
260 3407 426 3478 postposita
443 3408 616 3480 Scriptura,
638 3423 677 3462 ex
697 3409 807 3466 affectu
826 3409 946 3467 ambita
963 3408 1146 3480 tyrannidis:

83 3511 274 3568 attactam,
306 3501 371 3572 quaa
396 3501 450 3555 alia
475 3503 611 3559 Romana
633 3505 715 3558 curia
739 3504 920 3559 Antichriati
945 3517 1036 3572 opera
1051 3501 1146 3558 aimii.

81 3595 155 3650 lima
181 3596 323 3652 mandat.
368 3594 513 3652 Nascitur
532 3597 606 3681 ruihi
633 3599 727 3654 icuiec
750 3601 844 3672 magia
872 3613 909 3654 aa
930 3598 1024 3668 magia
1043 3595 1146 3657 rubri

81 3689 168 3746 dium
187 3699 220 3744 et
238 3690 408 3761 prasidium
426 3707 482 3763 pro
501 3691 596 3750 sacris
615 3683 725 3750 literis.

135 3993 167 4043 a)
194 3981 270 4038 cod.
284 3991 300 4042 J
308 4003 353 4038 en.
377 4002 477 4050 qnanto.

120 4069 172 4122 ·a>
199 4069 363 4140 &aulicu-
387 4069 549 4131 otymptoutr.
