2756 4558
265 189 271 213 ⁸
509 219 517 236 x

200 287 259 348 230
606 263 608 268 ’
676 271 767 340 1519.

252 435 303 486 itui
325 434 376 482 tent
399 427 510 488 7777777771
531 427 556 475 777
576 425 767 501 (7777777771.
793 364 1156 482 7777777177777777777.
1180 421 1249 472 7771.

136 513 143 532 ’
198 540 215 585 p
240 526 267 574 77
292 520 453 576 1777777777
476 521 514 566 777
533 517 679 572 irruerent
696 511 868 566 &denudum
889 511 1036 564 Cronium
1056 515 1083 562 ru
1097 506 1250 565 sidrutem

198 597 1249 668 7776171771727777777787177777771778777771·1177777776.51.

162 763 166 776 ι
198 701 354 752 mentioued
376 694 473 744 7177777
494 694 629 742 11711772.

197 835 364 894 Erudr'ms.
384 841 412 887 77
428 831 612 902 prudentiss.
630 823 858 896 Jureconsuuo,
879 763 1009 879 1177777771
1027 820 1252 895 christophoro

282 925 445 998 7777777777,
466 921 724 999 Nurmberpenri,
742 937 798 976 suo
816 921 954 976 Patrono
971 917 1165 976 chwisrioro.

651 1051 800 1130 decus.
1149 1067 1154 1102 i

130 1213 143 1220 “
197 1207 347 1300 Salutem.
385 1241 453 1316 lpse
472 1255 520 1296 me
538 1239 609 1294 sutis
631 1252 758 1304 secuso,
778 1234 887 1290 doctor
901 1235 1033 1306 optime,
1052 1231 1133 1305 7777771
1157 1215 1253 1290 toties

198 1349 237 1396 ex
260 1351 290 1396 77
310 1340 453 1396 salutatus
474 1335 571 1388 rarius
589 1333 622 1386 sd
641 1341 669 1385 te
689 1329 801 1386 scribo.
838 1329 971 1384 Rursum
990 1343 1089 1382 7777777
1108 1343 1250 1392 excuso,

131 1455 135 1464 =
196 1431 278 1508 quod
304 1443 350 1488 tot
372 1431 436 1486 sere
457 1443 599 1485 7777777777
628 1425 819 1494 negotiorum
839 1422 1002 1478 distrahor
1048 1420 1251 1480 Gratissimus

197 1527 271 1583 inihi
294 1527 350 1580 fuit
370 1525 588 1580 eruditissimus
612 1521 659 1576 iile
682 1518 816 1584 dialogus
835 1515 908 1571 Juiii
927 1525 957 1571 et
977 1515 1071 1572 Petri.
1115 1515 1252 1572 Multam

115 1624 122 1636 '
182 1637 270 1678 ¹sene
289 1620 420 1675 continet
440 1619 577 1688 frugem
596 1629 717 1670 siserro
735 1611 861 1682 legatur
888 1611 1002 1680 Doico,
1022 1627 1089 1666 eum
1108 1609 1254 1667 77711777

197 1715 228 1772 in
251 1713 326 1769 717177
355 1713 523 1790 celebrem.
552 1724 646 1782 prope
670 1707 763 1762 ausim
787 1707 892 1778 optare
912 1706 976 1776 ejus
997 1705 1252 1773 invulgationem,

198 1807 440 1897 qunndcquidem
467 1814 603 1861 monstro
616 1801 652 1868 ³)
680 1771 823 1857 Romanas
845 1797 934 1854 777717
962 1815 1023 1854 777
1051 1807 1111 1854 tem
1137 1799 1258 1854 revelat

169 1943 173 1960 .
197 1905 263 1975 ipse
282 1903 413 1978 primus,
440 1902 529 1974 quarn
549 1891 737 1954 confirmat'
725 1911 787 1966 77777
808 1893 858 1950 diu
885 1893 997 1966 ubique
1021 1895 1082 1949 heu
1108 1895 1254 1964 cognite,

184 2009 232 2067 ¹ut
254 1997 300 2052 rel
321 1997 467 2070 ejusmodi
486 1994 571 2066 nugis
590 1991 720 2048 Romani
738 2005 882 2063 proceres
906 2001 1103 2046 monerentur
1122 2005 1184 2046 sure
1206 2001 1256 2061 ty.

134 2123 140 2140 7
196 2091 329 2148 renuidis
356 2101 386 2145 77
407 2091 589 2162 impiissime
612 2083 806 2154 temeritatis,
836 2099 909 2156 quas
933 2085 1036 2140 vident
1056 2085 1171 2140 traduci
1196 2101 1255 2158 per

221 2185 319 2238 rbem.

198 2203 217 2242 ο
267 2275 379 2333 Eccius
403 2285 508 2331 noster
525 2275 685 2345 hucusque
708 2271 852 2364 1777771777
879 2290 962 2330 suam
996 2271 1099 2340 inme
1122 2271 1254 2348 pulchre

198 2369 406 2438 dissimulans,
426 2369 547 2425 tandem
565 2367 777 2424 manifestavit.
804 2365 897 2438 Vide,
917 2367 987 2439 quid
1004 2368 1043 2422 sit
1061 2367 1169 2423 homo.
1195 2367 1258 2426 Sed

197 2465 285 2522 Deus
308 2464 337 2518 in
366 2453 467 2518 medio
493 2461 650 2521 Deorum:
680 2463 742 2534 ipse
765 2461 866 2524 novit,
893 2461 963 2532 quid
990 2477 1030 2516 ex
1053 2477 1086 2516 77
1107 2463 1254 2532 tregoedie

100 2576 102 2584 ·
163 2607 173 2628 χ
199 2559 349 2614 deducere
377 2557 515 2614 voluerit.
562 2555 628 2612 Nec
653 2555 763 2610 Eccius
790 2555 864 2622 sibi,
888 2570 945 2642 nec
968 2573 1026 2626 ego
1046 2555 1119 2612 mihi
1141 2555 1171 2612 in
1192 2557 1254 2614 1777

199 2651 361 2726 quicquam
379 2653 557 2708 serviemus.
599 2649 659 2706 Dei
680 2649 841 2706 consilium
859 2651 904 2718 egi
925 2649 998 2706 mihi
1019 2651 1151 2706 videtur.
1195 2653 1256 2706 See.

198 2747 265 2824 pius
281 2745 361 2814 dixi,
379 2745 538 2816 hucusque
556 2745 656 2800 lusum
677 2760 744 2800 esse
764 2761 781 2798 77
800 2761 867 2802 me:
883 2762 963 2801 nuuc
984 2747 1202 2802 7771777777177
1223 2749 1255 2804 iu

198 2841 371 2904 Romanum
388 2839 568 2896 Pontificem
587 2848 618 2894 et
639 2839 839 2909 arrogantiam
857 2837 1026 2896 Romanam
1047 2855 1184 2910 agentur.

267 2931 801 2992 1171771τί77777777777717Ρ1771777777
808 2931 838 3003 )‚
858 2934 1013 2988 hominem
1030 2935 1107 2990 mire
1120 2935 1255 3006 probum

202 3037 232 3084 et
250 3025 391 3095 doctum,
407 3027 468 3084 tibi
488 3029 645 3100 purissime
666 3029 860 3086 commendo.
896 3027 946 3084 Tu
968 3041 998 3084 et
1018 3030 1111 3099 ipsius
1128 3045 1253 3102 quoque

138 3128 144 3137 '
202 3137 338 3181 eausam,
366 3123 475 3194 quod
469 3135 686 3185 conterraneus
707 3133 777 3179 tuus
798 3129 865 3190 est,
886 3097 1037 3188 Dominis
1057 3123 1253 3180 Senatoribus

202 3215 454 3275 commendabis,
480 3217 503 3270 si
532 3233 589 3286 qus
606 3215 770 3285 dignentur
797 3233 866 3272 eurn
888 3216 1095 3272 munificentiae
1118 3233 1180 3273 sure
1201 3219 1255 3274 711.

202 3328 263 3384 quo
295 3309 405 3365 officio.
452 3309 614 3376 Audimus,
645 3310 764 3386 Suevici
792 3309 913 3366 ioederis
936 3327 1080 3383 proceres
1106 3307 1274 3370 adversus*

152 3401 165 3408 ’
201 3403 707 3474 Principequrtembergeusem
726 3406 966 3462 consurrexisse.
991 3405 1079 3461 Initia
1089 3391 1253 3462 7771777717.

202 3499 290 3556 Deus
302 3501 414 3569 'arguat
434 3515 489 3555 nos
508 3517 568 3555 non
585 3499 621 3560 17
632 3500 761 3565 furore,
792 3499 844 3556 sed
866 3499 1011 3572 corripiet
1031 3501 1061 3555 17
1077 3502 1257 3558 misericor.

134 3661 145 3672 ,
204 3591 261 3647 dia.
294 3593 399 3650 Arnen.
436 3591 535 3648 Saluta
554 3607 659 3650 omnes
678 3601 813 3649 nostros.
847 3589 919 3646 Vale
940 3591 970 3648 17
988 3593 1136 3652 Domino
1172 3595 1256 3654 Wit-

204 3684 388 3755 temirergc,
413 3665 797 3746 77177777777771711111.

581 3783 615 3845 F.
633 3783 785 3841 Martinus
803 3781 972 3851 seuerus,
1001 3749 1254 3856 Augdetiniensis.

260 3959 291 4002 7)
320 3953 370 4006 dien
388 3955 485 4004 Seno.
506 3956 563 4010 iiiii
580 3969 696 4014 mounes.

257 4037 288 4091 *r
211 4017 405 4093 tuno
412 4035 562 4090 7771777777.
576 4019 624 4092 777
638 4039 684 4088 777.
696 4039 803 4092 xxxv.
819 4037 964 4090 xxxvm.
