2714 4556
155 275 157 278 ’
236 271 282 366 ιι
403 319 404 324 ¹
632 293 635 309 ’
715 297 826 370 ιιιτΗ

111 453 116 464 ’
158 477 160 482 ·
245 427 467 514 Venernltuet
488 455 613 512 siueem
635 453 793 531 reliqiom's
812 452 997 525 professore·
1002 453 1140 511 debanna·
1154 454 1290 532 Lnnqe,
1348 507 1349 516 ,

308 528 984 630 Baccar.rteotoqte,errmaarum,1,9„,
993 548 1156 654 &susam
1164 551 1290 618 prm
1348 531 1349 536 ,

306 644 393 706 sibi
380 661 413 702 an
429 643 563 702 Domirw
580 643 776 718 suspiciendo
838 651 841 658 ·
871 639 878 686 ἶ
1348 651 1349 656 1

613 763 616 770 ⁴
689 793 836 857 Jesue.

236 901 386 994 Salutem.
421 936 516 994 Mitto
537 937 573 992 ad
591 945 621 993 te
641 935 780 992 Fratrem
795 935 879 994 hunc
895 943 1034 992 nostrum
1056 933 1287 1004 Gabrielem*),

235 1031 272 1088 V
296 1031 354 1100 P.,
384 1031 552 1110 secundum
573 1031 759 1086 mandatum
766 1029 805 1088 R.
822 1029 923 1086 Patris
944 1029 1076 1086 vicarii:
1102 1037 1137 1085 tu
1158 1045 1285 1102 quoque

235 1119 369 1197 ejusdem
386 1126 526 1181 mandato
546 1115 750 1180 satisfaciens
770 1107 858 1192 eura,
875 1133 910 1178 ut
932 1133 962 1178 et
978 1126 1047 1194 ipse
1066 1131 1097 1178 et
1121 1121 1168 1179 elil
1192 1138 1287 1195 qnam
1348 1155 1349 1172 r

192 1289 195 1296 Ι
233 1219 364 1291 optime,
389 1221 419 1276 id
445 1228 507 1287 est,
533 1202 736 1274 christianiter
761 1218 946 1288 graecisaent.
993 1215 1112 1276 Placuit
1131 1227 1234 1274 autem
1253 1225 1288 1274 et

233 1315 356 1385 expedit
374 1314 411 1383 ei,
425 1324 459 1369 ut
474 1312 715 1370 conventualiter
729 1329 784 1384 per
800 1311 899 1368 omnia
914 1321 1088 1382 sese-gerat.
1106 1312 1172 1368 Scis
1189 1313 1285 1380 enim,
1348 1299 1349 1308 ¹

232 1411 317 1481 quod
340 1408 470 1464 necdum
500 1408 576 1462 ritus
604 1415 636 1462 et
655 1421 759 1461 mores
780 1403 894 1461 ordinis
913 1406 1022 1461 viderit
1047 1415 1098 1460 aut
1119 1404 1281 1462 didicerit:

230 1501 337 1557 deinde
356 1503 506 1572 Fratrem,
527 1507 616 1574 quern
635 1499 707 1554 loco
726 1498 860 1569 ejusdem
883 1487 972 1556 nobis
993 1499 1148 1556 remittere
1166 1499 1287 1570 promi.

214 1595 318 1664 xsiuti,
359 1585 428 1653 cum
443 1633 447 1644 ·
462 1595 524 1650 hoc
557 1595 660 1652 Fratre
698 1592 860 1652 Leonardo
892 1609 982 1664 quam
1001 1587 1099 1648 ‘ocius
1127 1591 1283 1648 absolvas.

226 1687 366 1747 Patimur
389 1691 469 1746 enim
495 1689 649 1762 penuriam
668 1685 777 1743 vicarii
797 1686 906 1748 Fratris
925 1703 982 1760 pro
1005 1685 1160 1742 Gabriele.
1194 1684 1286 1742 Psal.

226 1784 269 1838 mi
295 1783 429 1840 translati
454 1800 470 1838 a
490 1799 541 1838 ma
561 1792 592 1838 et
609 1781 755 1853 explanati
779 1781 939 1837 vernacula
962 1782 988 1836 si
1009 1779 1082 1834 nulli
1107 1780 1284 1850 placerent.

226 1877 300 1932 mihi
317 1873 429 1950 optime
445 1879 619 1950 placerentt
641 1886 771 1932 attamen
786 1873 944 1930 «Iohannes
965 1867 1206 1945 chalcographus
1226 1869 1282 1940 ⁴⁵⁴)
1348 1907 1349 1912 ι

135 2010 141 2018 ,
202 2039 208 2050 .
227 1978 385 2044 expectat,
410 1979 445 2026 ut
467 1969 605 2028 absolvas
624 1987 677 2028 eoa
688 2011 698 2040 ,
723 1985 802 2042 quos
821 1968 888 2050 misi
906 1967 942 2023 ad
961 1977 1002 2024 te.

172 2069 173 2072 ’
213 2117 214 2124 ,
306 2065 467 2122 Brennum
487 2076 626 2124 nostrum
647 2067 736 2136 lego,
762 2071 793 2119 et
820 2043 914 2118 indies
946 2061 1095 2116 decrescit
1116 2059 1189 2116 mihi
1212 2061 1286 2116 nni.

225 2173 303 2216 mus
321 2177 392 2229 erga
419 2177 503 2216 eum·
532 2163 631 2250 placet
653 2160 794 2232 quidem,
822 2157 904 2228 quod
925 2166 986 2212 tam
1011 2153 1168 2225 religiosos
1184 2170 1285 2227 quarn
1348 2191 1349 2204 ,

225 2253 398 2307 sacerdotes
430 2269 491 2308 non
522 2253 620 2307 minus
655 2258 831 2306 constanter
854 2265 942 2320 quam
974 2249 1090 2305 erudite
1116 2249 1213 2320 arguit
1248 2259 1284 2306 et

189 2333 193 2345 '
225 2343 344 2398 damnat
368 2346 539 2400 inveteratae
562 2345 654 2416 hujus
673 2353 705 2400 et
724 2351 893 2398 veternosae
915 2343 1058 2400 inscitiae.
1083 2343 1137 2398 sed
1160 2345 1282 2413 timeo,

76 2411 91 2495 Ι,
147 2505 157 2516 Γ
224 2451 262 2491 ne
288 2435 445 2492 Christum
475 2447 507 2492 et
532 2439 658 2518 gratiam
677 2436 738 2492 Dei
763 2437 920 2492 nonsatis
948 2445 1139 2508 promoveat,
1163 2438 1194 2492 in
1215 2453 1281 2508 qna

225 2529 322 2586 multo
345 2543 393 2586 est
419 2546 507 2602 quam
532 2531 713 2602 stapulensis
735 2530 937 2598 ignorantior:
964 2531 1094 2586 humana
1112 2533 1281 2604 praevalent
1348 2557 1349 2572 2

224 2623 255 2678 in
286 2639 323 2678 eo
352 2624 419 2696 plus
449 2641 538 2696 quam
566 2624 674 2680 divina.
723 2621 904 2698 Quanquam
927 2625 1038 2682 invitus
1057 2643 1126 2682 eum
1141 2625 1277 2696 judico,

125 2757 129 2762 .
224 2703 304 2772 facio
326 2725 444 2792 tamen,
470 2727 503 2773 ut
520 2728 551 2774 te
572 2735 791 2790 praemoneam,
818 2735 855 2773 ne
874 2721 973 2776 omnia
995 2720 1097 2790 legas,
1115 2722 1176 2776 imo
1194 2723 1279 2778 acci.
1348 2763 1349 2772 ι

222 2810 368 2880 plaeetne
386 2811 512 2880 judicio.
549 2811 704 2883 Tempora
728 2812 807 2868 enim
826 2824 896 2869 sunt
915 2815 1085 2886 periculosa
1110 2814 1222 2881 hodie,
1242 2825 1278 2872 et
1348 2839 1349 2860 ι

221 2903 333 2964 video,
356 2906 437 2974 quod
455 2922 517 2960 non
538 2905 606 2960 ideo
625 2907 770 2980 quispiam
787 2908 826 2963 sit
841 2908 1029 2966 Christianus
1050 2925 1123 2964 vers
1142 2893 1275 2982 sapiens,

221 2998 291 3070 quia
311 2997 438 3054 Graecus
457 2999 496 3054 sit
519 3007 548 3052 et
572 2998 728 3068 Hebraeus,
758 3001 878 3072 quando
903 3010 932 3055 et
951 3002 1056 3056 beatus
1069 3003 1275 3078 Hieronymus

222 3082 353 3162 quinque
381 3091 487 3160 linguis
514 3093 733 3162 monoglosson
763 3094 964 3163 Augustinum
993 3112 1054 3150 non
1085 3097 1272 3170 adaequarit,

220 3183 292 3242 licet
310 3185 440 3240 Erasmo
465 3185 550 3242 aliter
572 3189 611 3242 sit
630 3189 720 3256 longe
742 3188 850 3242 visum.
887 3189 942 3242 Sed
964 3189 1042 3244 aliud
1060 3201 1108 3246 est
1122 3179 1273 3262 judiciuin
1348 3219 1349 3234 2

220 3279 299 3350 ejus,
318 3279 368 3351 qui
388 3277 515 3346 arbitrio
538 3279 668 3336 hominis
690 3299 750 3337 uon
766 3265 840 3338 nihil
864 3281 987 3353 tribuit,
1013 3283 1093 3339 alind
1113 3286 1192 3355 ejus,
1216 3286 1272 3356 qui
1309 3305 1311 3310 ·

110 3377 112 3380 ’
219 3387 328 3445 praeter
346 3373 472 3444 gratiam
490 3371 562 3426 nibil
584 3377 679 3431 novit.
742 3435 744 3440 ,

275 3465 352 3535 Ego
373 3478 473 3522 tamen
497 3466 559 3524 hoc
576 3466 724 3536 judicium
740 3469 938 3525 vehementer
961 3471 1045 3538 celo,
1076 3487 1115 3526 ne
1141 3485 1272 3527 consen.

219 3573 286 3614 sum
310 3561 486 3615 aemulorum
514 3559 578 3632 ejus
605 3561 802 3618 confirmem:
833 3564 914 3620 dabit
940 3563 967 3620 ei
999 3565 1152 3621 Dominus
1182 3565 1273 3622 intel.
1348 3589 1349 3604 ι

218 3652 331 3708 lectum
359 3667 414 3706 suo
442 3653 526 3709 iorte
549 3665 686 3728 tempore
746 3655 817 3712 Vale
844 3667 874 3713 et
904 3657 1011 3715 Patres
1038 3657 1207 3728 Magistros
1233 3676 1271 3716 ao
1348 3719 1349 3732 χ

80 3770 83 3778 ⁴
133 3785 139 3794 .
217 3741 382 3800 Lector-em
397 3743 507 3802 saluta':
528 3757 558 3802 et
576 3750 601 3804 si
617 3749 659 3824 D,
672 3747 813 3806 Jodocua
829 3755 1013 3840 respondere
1029 3753 1104 3810 mihi
1118 3754 1270 3827 dignetur,
1348 3737 1349 3784 ³

223 3855 741 3887 .....-...........,......

270 3935 301 3988 *l
327 3933 361 3982 Θ.
377 3931 512 3984 vilemelt
526 3935 565 3980 tre
579 3935 618 3986 to
633 3937 756 3990 patratu
770 3941 807 3990 alt
822 3941 969 3998 ιιιιιιιιιιι
987 3947 1091 3994 strueret
1104 3943 1270 4002 aulttttlraltc
1348 3953 1349 3988 1

271 4013 325 4089 *ιι
341 4010 400 4065 ιιι.
415 4011 586 4072 secernam,
600 4014 640 4065 ιιι
655 4015 703 4064 tatu
718 4017 754 4066 tle
768 4019 928 4077 ιιιιιιιιιιι
944 4022 1049 4078 astruat
1064 4027 1166 4074 ιιιιιιιι.
1255 4073 1258 4078 ,
1348 4045 1349 4080 1
