2716 4556
515 307 519 318 1
571 263 663 332 rsao.
890 231 893 240 ’
1084 275 1144 343 ³91

80 434 180 483 tuum
208 434 239 482 et
266 431 405 493 tuorum,
432 439 517 496 quos,
537 439 711 492 memoras,
740 439 830 500 ppsae
858 425 1000 483 videlicet
1027 443 1168 487 sacram·
1200 431 1202 438 '

79 521 279 590 theologiam
301 521 364 575 sine
385 519 553 574 offensione
572 517 747 590 pontificum
764 517 879 574 doceri.
917 519 1070 592 Scriptura
1090 541 1147 595 po.

79 615 242 672 tissimum
262 630 420 672 sacrorum
440 613 567 670 ebusum
584 613 795 687 persequitur,
823 613 905 686 quod
923 632 984 675 nnn
1002 625 1146 690 poterunt

79 709 251 781 pontifices
270 710 430 766 sustinere.

157 801 227 872 Ego
256 795 364 860 tradidi
395 812 425 858 et
445 803 542 859 obtuli
564 819 633 871 me,
657 801 688 856 ia
712 799 835 856 nomine
853 799 995 858 Domini:
1021 803 1071 886 liat
1093 821 1148 861 vo.

80 898 189 953 luntas
206 896 281 968 ejus.
317 895 394 971 Quis
412 898 531 968 rogavit
552 914 637 965 eum,
656 907 690 954 ιιι
707 913 756 952 me
775 897 936 954 doctorem
959 904 1101 954 crearet?
1120 899 1146 957 si
1191 925 1193 940 ·

81 991 224 1061 crearit,
239 990 351 1047 habant
365 991 441 1062 sibi,
459 1002 511 1048 aut
531 1008 637 1050 rursus
654 996 805 1062 destrunt,
823 993 850 1048 si
870 993 994 1062 poenitet
1012 1008 1147 1050 creasse.

74 1068 179 1142 'Adeo
200 1102 248 1142 rue
273 1102 335 1144 nou
357 1095 436 1142 teret
459 1087 515 1144 ists
535 1087 714 1161 tribulatio,
740 1097 776 1144 ιιι
796 1087 964 1155 incredibili
987 1087 1055 1144 sinu
1079 1103 1147 1146 cerr.
1174 1125 1177 1136 .

80 1179 160 1237 base
191 1181 293 1237 cordis
318 1181 378 1238 mei
410 1181 508 1239 inflet:
535 1192 569 1238 ιιι
586 1183 649 1254 jam
676 1181 839 1253 intelligam
860 1182 891 1239 in
906 1199 955 1240 me
973 1184 1060 1256 ipso.
1090 1199 1146 1240 cnr

83 1276 242 1332 demones
260 1277 358 1332 ventis
381 1286 539 1350 aequantur
557 1278 586 1333 in
603 1277 769 1348 Scriptura.
804 1275 889 1336 Duru
914 1277 993 1333 enim
1019 1292 1087 1334 sese
1102 1277 1148 1332 el'.

83 1371 159 1431 llsut
179 1371 328 1440 furendo,
347 1357 422 1428 alic's
440 1371 540 1428 inflant
559 1372 711 1445 patiendo.
744 1371 780 1428 Id
798 1373 898 1432 solum
915 1387 1010 1442 curo,
1027 1381 1062 1426 ut
1075 1369 1145 1428 Do.

81 1465 189 1520 miuus
211 1466 241 1522 in
260 1464 357 1532 meis,
382 1463 456 1536 quas
474 1465 552 1522 inter
570 1481 619 1522 me
639 1477 670 1522 et
684 1467 783 1540 ipsum
805 1465 924 1536 habeo,
949 1467 1047 1524 crusis
1068 1459 1144 1522 m'ihi

83 1559 125 1616 sit
144 1558 317 1632 propitius,
335 1567 424 1630 atque
442 1558 523 1628 hnc,
540 1570 574 1616 ιιι
592 1569 699 1634 potes,
712 1561 821 1632 juvere
839 1563 981 1634 digneris.

154 1653 250 1709 luam
277 1670 352 1710 vero
378 1653 537 1710 hominnm
561 1671 683 1712 causam
704 1656 782 1712 fideli
807 1659 945 1715 cretione
967 1657 1040 1716 Deo
1058 1671 1146 1713 cnm.

83 1749 269 1816 mittamus,
299 1756 330 1802 et
356 1749 455 1804 securi
482 1749 586 1806 simus.
634 1749 717 1826 Quid
742 1751 822 1808 enim
852 1751 953 1808 lacere
977 1749 1145 1824 poterunt?

85 1842 261 1898 Oneident?
286 1841 432 1914 Nunquid
451 1843 694 1912 resuscitabunt,
711 1854 746 1900 ut
767 1845 877 1902 iterum
894 1847 1056 1902 occident?
1077 1845 1145 1900 llae.

82 1937 217 1991 relicum
237 1935 444 1994 infamabunt?
462 1938 505 1992 At
523 1935 663 1994 Christus
679 1955 750 1994 eum
768 1937 900 2010 iniquis,
919 1937 1145 2008 seductoribus,

84 2029 256 2087 maledictis
275 2031 432 2088 damnatus
452 2040 517 2098 est:
542 2031 609 2104 ejus
628 2033 800 2104 passionem
820 2033 845 2090 si
864 2033 984 2104 quando
1003 2029 1142 2096 intu'eor,

82 2127 161 2181 mire
182 2141 276 2194 uror,
303 2125 383 2182 hene
399 2141 499 2182 meam
518 2125 724 2196 tentationem
733 2143 796 2182 non
813 2127 914 2182 solum
935 2125 1063 2198 aliquid,
1088 2123 1145 2182 sed
1176 2191 1181 2198 ¹

84 2222 176 2276 etiam
200 2220 364 2276 maximnm
392 2221 486 2276 videri
513 2229 574 2276 tarn
598 2222 714 2292 magnis
738 2231 769 2278 et
797 2223 917 2291 multis,
943 2237 1014 2277 eum
1044 2221 1083 2276 sit
1108 2235 1142 2276 re

82 2331 157 2371 vera
183 2313 274 2372 nihil.
305 2313 362 2371 nisi
396 2316 479 2387 quod
513 2315 647 2374 funditus
673 2316 865 2374 desuevimue
892 2314 1083 2414 passionibus
1109 2321 1147 2392 et,

19 2441 20 2450 ι
83 2411 192 2478 malis,
209 2412 239 2466 id
258 2419 320 2480 est,
340 2409 518 2470 Christianae
537 2412 615 2468 vitae.

147 2505 285 2574 Proinde
304 2507 385 2566 sine.
403 2515 515 2577 quanto
534 2505 575 2560 illi
594 2507 752 2576 insurgunt
769 2507 933 2578 potentius,
952 2512 1037 2561 tanto
1058 2520 1074 2557 n
1092 2517 1141 2556 me

83 2601 220 2657 ridemur
241 2607 389 2658 securius.
420 2584 573 2655 Ststutum
596 2609 642 2655 est
666 2603 744 2672 apud
771 2617 843 2666 me,
870 2600 951 2656 nolle
977 2599 1141 2670 quicquam

83 2696 119 2752 in
138 2694 345 2760 haetimere,
372 2695 425 2750 sed
448 2694 548 2750 omnin
569 2705 779 2749 contemnere.
818 2693 859 2750 Ει
881 2694 936 2748 nisi
964 2691 1140 2762 Principem
1164 2723 1177 2745 ι,

86 2803 213 2844 vererer
228 2787 403 2856 involvere,
422 2787 590 2860 apologiam
610 2788 717 2844 liducin
734 2787 853 2860 plenam
870 2787 1009 2854 ederem,
1027 2800 1144 2858 provo.
1191 2821 1196 2827 -

84 2891 209 2938 naturus
227 2883 353 2955 emplius
371 2883 442 2939 istas
451 2879 657 2981 ’Erynnidass
649 2883 791 2938 irrisurus
805 2881 1020 2938 stultissimum
1032 2894 1141 2934 eorum

83 2979 248 3034 lurorem'
240 2995 270 3033 ιιι
289 2991 348 3036 me.

152 3072 203 3128 De
231 3072 321 3128 vidue
347 3086 480 3142 praesens
507 3043 622 3127 tecum.
655 3067 798 3162 Philippo
825 3069 887 3125 dixi
913 3075 944 3123 el
967 3067 1042 3137 legi,
1074 3081 1141 3137 qun

84 3168 243 3242 scripsisti.
290 3167 492 3240 Praepositum
531 3163 782 3219 cameracensem
814 3180 876 3219 non
910 3173 995 3217 recte
1023 3160 1141 3228 arguis,

84 3265 170 3336 culpe
192 3260 398 3342 est'Mngistri
420 3259 570 3334 Spalntini.
603 3257 692 3338 ⁸Num
712 3274 769 3328 ego
788 3268 818 3313 te
837 3257 932 3330 pridie
952 3255 1141 3328 quaerebnm,
1174 3241 1181 3265 ²

82 3373 300 3432 permansurus
316 3367 397 3416 esset
412 3356 579 3428 Princeps,
597 3369 655 3410 nee
675 3369 730 3423 nc,
748 3354 828 3409 diem
850 3349 1065 3408 Dominicam?
1091 3363 1140 3404 re.

85 3452 247 3524 spondisti,
279 3461 309 3508 te
337 3451 466 3508 nescire.
503 3448 624 3506 Deinde
644 3465 735 3504 nemo
756 3446 829 3503 mihi
847 3447 883 3501 de
903 3443 1051 3514 concione
1072 3457 1142 3497 ver.

84 3547 158 3602 bnm
177 3547 309 3604 lecerat:
327 3546 528 3620 promiseram
546 3552 646 3598 autem
661 3543 726 3614 jam
744 3553 832 3598 ¹untes
853 3539 1043 3612 Praeposito,
1066 3553 1141 3593 ven.

85 3651 281 3717 turumnesse
304 3657 354 3697 me
382 3641 419 3698 ad
443 3657 513 3696 eum
538 3639 617 3696 diem
637 3654 693 3711 pro
717 3635 908 3696 informando
934 3634 1045 3706 populo
1067 3649 1141 3700 suo,

88 3737 167 3808 quod
181 3737 256 3792 mihi
274 3738 456 3793 servendum
474 3733 649 3802 videbatur,
674 3733 746 3788 dum
766 3747 827 3787 non
845 3727 1060 3800 intercipiebnr
1081 3726 1140 3780 alio

87 3831 243 3888 mundato:
262 3841 320 3888 nec
340 3833 435 3888 credo
451 3830 618 3903 periculum
638 3843 704 3884 esse
724 3827 754 3882 in
773 3833 855 3880 lento
872 3824 970 3880 nostri
991 3821 1052 3877 loci
1074 3833 1141 3889 spa.

81 3927 143 3984 tio.
178 3925 251 3982 ane
270 3937 301 3985 et
319 3943 373 3988 ore
393 3942 449 4000 pro
466 3942 528 3986 me.
562 3920 605 3982 tl.
622 3921 779 3987 danunt-ii,
798 3935 876 3974 anno
897 3917 1034 3972 Mnxx.

638 4015 793 4074 Martinus
811 4013 982 4076 Lerne-us.
1007 4010 1137 4076 August.
