2756 4558
553 243 661 390 ¹asta.
751 358 765 411 ,
1078 313 1141 388 aas

161 467 320 542 Tandem,
339 469 374 531 ut
393 472 456 530 laon
478 469 651 543 obtineret,
676 473 802 529 coactns
819 478 867 532 eat
885 471 989 531 saltem
1008 471 1141 552 leocad-
1176 471 1185 506 ¹*
1226 493 1230 500 ¹

90 570 236 638 mittere,
260 579 293 625 ut
314 577 441 641 excepta
463 568 625 640 disputatio
643 585 697 640 per
714 568 850 624 notarios
868 585 930 626 non
951 570 1091 628 ederetur
1110 571 1142 626 in

88 663 272 736 publicum,
296 661 353 720 nisi
366 663 514 734 iudicium
535 663 705 736 aliquorum
723 659 869 719 audirent.
910 661 967 720 llio
985 677 1063 720 nova
1081 661 1142 721 dia.

91 758 227 830 captatio
247 757 285 812 de
301 756 455 828 judicibus
476 757 628 827 eligendis.
663 757 800 816 Tandem
822 757 913 814 etiam
935 755 966 813 iu
983 756 1046 814 hoo
1066 775 1142 816 con.
1189 731 1200 760 '

90 853 208 908 sentire
239 851 472 923 compulerunt,
501 863 535 909 ut
558 852 639 910 linita
657 852 858 926 disputatione
883 851 1080 908 convenirent
1103 853 1142 909 de

84 945 261 1018 judicibus:
281 961 339 1002 neo
361 943 448 1002 aliter
467 945 629 1004 uoluerunt
648 927 806 1004 admittere
823 947 1065 1019 disputationem.
1099 945 1142 1003 Et

90 1041 134 1096 its
151 1025 288 1096 'ceramo
317 1039 491 1110 syllogismo
513 1057 570 1098 nos
596 1042 804 1115 impetierunt,
835 1049 872 1098 ut
887 1041 1050 1113 utrobique
1069 1057 1144 1098 oon.

90 1133 303 1204 funderemus,
332 1135 396 1191 sive
421 1136 504 1208 quod
529 1135 1051 1210 disputationem<detrectassemus,
1078 1135 1143 1191 sive

89 1229 177 1300 quod
196 1227 427 1299 disputationem
451 1245 576 1286 necesse
593 1239 676 1288 esset
690 1229 841 1301 subjicere
860 1229 967 1302 iniquis
978 1227 1144 1300 judicibus.
1244 1216 1249 1233 ’

89 1321 186 1378 Vides
208 1338 281 1390 ergo
309 1339 426 1380 crassas
453 1324 525 1381 istas
550 1325 692 1396 astutias,
719 1323 828 1396 qubus
857 1323 946 1380 nobis
970 1321 1143 1380 libertatem

90 1425 213 1488 pactam
230 1415 430 1474 abstulerunt.
461 1415 541 1474 Nam
561 1418 780 1476 Universitates
797 1425 829 1474 et
845 1416 1017 1476 Romanum
1036 1415 1145 1482 Ponti.

91 1509 182 1565 licem
203 1503 322 1568 certum
342 1510 491 1568 habemas
511 1523 541 1568 et
557 1527 614 1570 nos
631 1522 683 1570 snt
701 1523 853 1584 nunquam
863 1549 874 1581 ,
891 1521 943 1570 eut
964 1514 1071 1568 contra
1085 1525 1144 1568 uos

91 1603 361 1674 pronuntiaturos,
378 1606 408 1661 id
425 1607 505 1677 quod
526 1607 614 1664 unice
630 1608 686 1680 ipsi
705 1605 867 1678 suspirant.
1178 1597 1190 1614 ⁸

160 1697 271 1754 Altero
292 1697 340 1754 die
363 1714 412 1754 me
432 1709 543 1756 vocato
562 1687 703 1786 seorsum
718 1699 798 1757 idem
817 1709 1058 1775 proposuerunt:
1086 1711 1144 1771 ego

91 1801 194 1868 entem
218 1791 333 1849 veritus
361 1793 533 1851 Romanum
561 1793 761 1862 Pontificem,
786 1793 892 1850 deinde
921 1795 966 1851 sic
989 1811 1006 1849 a
1030 1793 1145 1850 nostrie

90 1898 272 1954 persuasus,
290 1887 427 1942 recusavi
445 1887 500 1945 has
518 1889 707 1946 conditiones
725 1903 847 1946 omnent
866 1897 931 1944 turn
951 1888 994 1944 illi
1013 1895 1144 1959 excepto
1194 1956 1198 1966 x

88 1975 233 2033 Romano
252 1978 402 2060 Pontifice
419 1983 490 2038 alias
511 1981 730 2040 Universitates
747 1981 932 2039 obtulerunt.
966 1979 1033 2050 Ego
1053 1979 1146 2036 liber.

89 2077 186 2126 tatem
207 2083 325 2142 pactam
348 2077 463 2130 servari
488 2077 579 2148 petii,
597 2075 769 2132 nolentibus
788 2074 924 2131 recusavi
954 2083 986 2130 et
1011 2073 1143 2146 disputa.

90 2166 209 2222 tionem
238 2169 415 2240 repudiavi:
453 2181 518 2226 tum
544 2186 620 2227 mox
651 2178 715 2226 tota
744 2169 838 2235 fame,
870 2183 919 2222 me
943 2183 1006 2224 nnn
1033 2167 1145 2222 audere
1211 2212 1214 2236 ,

92 2259 326 2332 disputationem
355 2261 534 2336 assumere,
563 2274 594 2320 et
622 2265 704 2337 quod
731 2263 873 2334 iniquius·
893 2272 1000 2332 esset,
1024 2261 1144 2334 judiees
1237 2259 1249 2276 ‘

93 2354 196 2410 nullos
217 2356 273 2426 pati
298 2357 390 2413 velle.
408 2421 415 2430 ,
435 2357 507 2414 Haec
536 2361 634 2416 omnia
659 2357 848 2420 odiosissime
873 2365 904 2412 et
927 2355 1145 2426 malignissime

86 2448 205 2519 jactata
223 2459 251 2505 et
274 2451 487 2524 interpretem,
511 2453 551 2510 ita
575 2461 609 2510 ut
632 2461 663 2510 et
682 2451 881 2508 amicissimos
897 2467 1019 2524 quoque
1036 2445 1144 2507 omot‘s
1232 2495 1238 2514 ,

91 2541 319 2601 subverterent:
331 2555 371 2614 get
383 2547 446 2616 jam
463 2547 673 2619 Universitatis
689 2557 801 2604 nostrae
821 2545 982 2615 ignominia
995 2553 1144 2616 perpetua

90 2646 157 2716 eret
177 2637 206 2691 io
224 2649 357 2709 promtu.
384 2639 460 2696 Post
481 2642 546 2698 haec
562 2641 788 2700 consiliantibus
806 2640 908 2696 amicis
926 2640 1001 2708 adii,
1024 2648 1054 2693 et
1070 2654 1145 2710 cora.

90 2729 238 2786 ditionem
258 2733 495 2803 indignabundus
516 2737 691 2810 acceptavi:
715 2735 760 2791 sic
784 2743 884 2790 tamen
905 2741 939 2788 ut
961 2731 1042 2788 salva
1064 2735 1146 2790 esset

89 2823 169 2880 milri
197 2827 355 2898 appellatio
383 2844 467 2898 mea,
498 2839 529 2886 et
556 2847 652 2888 causa
676 2847 749 2887 men
777 2829 851 2886 nihil
883 2826 1144 2899 praejudicaretur,

91 2919 219 2974 ualuas
236 2921 326 2976 etiam
345 2923 482 2978 Romana
500 2925 596 2980 curia.

159 3011 357 3086 Disputatum
379 3027 425 3073 est
449 3035 520 3073 cum
542 3019 709 3076 Caelatadio
730 3016 862 3088 primurn
886 3015 923 3070 de
945 3011 1043 3070 libero
1065 3009 1144 3067 arbi.

86 3105 172 3174 trio,
200 3123 255 3178 per
272 3107 503 3168 hebdomadam.
542 3112 726 3168 Caristadius
743 3109 879 3166 adductis
896 3107 982 3164 libris
1001 3103 1144 3163 ostenda.

85 3197 141 3253 bat
168 3200 342 3274 argumeiata
369 3203 449 3263 illiud
473 3214 504 3262 et
529 3205 695 3264 solutiones
719 3201 797 3278 (per
824 3203 927 3260 Deum
936 3202 957 3271 )’
976 3199 1095 3272 egregie
1112 3205 1144 3254 et
1166 3235 1196 3258 .·
1230 3193 1233 3200 ’

74 3291 337 3365 'locupletissime
497 3281 500 3286 ¹
835 3335 838 3340 .

155 3385 235 3446 Post
262 3389 328 3448 haec
356 3407 426 3449 oum
463 3387 630 3452 Caristadio
661 3409 783 3467 qnoque
817 3388 987 3464 opponendi
1015 3387 1142 3458 facultas

85 3481 156 3538 date
177 3493 276 3552 esset,
300 3483 451 3545 recusavit
474 3489 602 3560 Eacius,
628 3491 685 3546 nisi
704 3489 818 3547 relictis
840 3487 922 3543 domi
946 3485 1031 3542 libris
1055 3495 1145 3552 argu.
1200 3516 1202 3529 .

84 3585 300 3649 mentaretur,
332 3597 403 3638 cum
431 3585 567 3640 Andreas
598 3585 667 3641 ideo
702 3585 833 3650 taceret,
864 3591 898 3637 ut
927 3581 954 3636 ei
980 3574 1011 3635 ir'r
1035 3577 1144 3634 faciem

86 3673 283 3746 ⁰⁸t⁰¹²³⁸i⁸0t2
301 3690 334 3730 ee
353 3685 437 3734 recte
456 3680 606 3735 adducere
622 3679 702 3735 dicta
724 3677 884 3748 Scriptura
905 3683 935 3730 et
950 3673 1088 3737 Petrum,
1113 3677 1152 3726 et.

83 3779 151 3820 non
172 3765 323 3824 violenter
346 3779 508 3842 tractaret,
537 3773 698 3846 sicutipse
718 3771 877 3830 convictus
900 3777 964 3824 erat
983 3777 1142 3824 tractasse.

84 3857 147 3934 Hic
159 3861 309 3920 tumultus
327 3865 437 3920 iterum
461 3877 564 3925 ortusa
584 3863 703 3934 tandem
721 3884 776 3939 pro
797 3863 894 3922 Eccio
913 3872 1058 3920 statutam
1080 3867 1142 3920 est.

84 3953 303 4032 ΝῙῙΡΨΙΘΝῙΟΒ
323 3975 390 4015 ⁰⁸⁸?
408 3960 505 4016 libros
528 3963 632 4024 dorni:
660 3963 712 4020 sed
734 3962 801 4032 quis
819 3973 882 4014 nen
903 3959 1019 4023 videet,
1046 3956 1143 4040 siuve.

84 4046 186 4105 sitatis
212 4065 304 4108 causa
327 4051 511 4128 disputatum
535 4056 826 4138 ssaetpoptanplaun
846 4053 954 4118 imma.
982 4059 1141 4108 stonense
