2714 4556
1007 215 1019 252 l

480 333 482 338 ’
554 325 644 392 lats.
943 325 947 335 ¹
1000 327 1008 338 “
1065 335 1123 398 101

150 483 250 540 Volui
268 469 376 540 tamen
387 485 466 540 huuc
485 483 576 540 offam
596 481 730 546 Cerbero
752 482 868 553 dignam
888 473 1052 542 absorbere
1075 473 1126 560 pa.

79 579 196 636 tieutla:
224 579 281 634 sed
305 561 393 634 aluisi
421 585 602 648 coegerant,
626 577 666 632 illi
687 588 721 632 ut
740 580 978 649 responderem,
995 583 1047 636 sed
1068 585 1128 655 pri.

78 683 143 730 ratu
158 689 270 729 manu.
316 673 497 728 Benedictus
523 672 673 730 Dominus
693 672 806 740 Jesus,
837 674 899 756 imo
926 676 1008 730 solus
1035 677 1074 732 sit
1097 680 1128 734 in

79 767 194 838 gloria:
229 783 289 823 uos
319 767 431 822 merito
457 769 572 838 operiat
599 766 748 824 confusio.
794 765 918 836 Gaude,
948 771 988 823 mi
1017 769 1130 834 frater,

78 857 187 932 gaude,
216 871 257 915 et·
282 877 342 916 nou
364 861 409 915 sic
430 862 572 916 terrearis
595 860 631 915 ab
661 862 725 917 istis
755 861 835 918 foliis
865 863 1038 920 volantibus
1054 906 1063 934 ,
1094 873 1129 921 ut

80 956 205 1012 desistas
236 956 369 1023 docere,
393 954 472 1009 sicut
500 955 635 1026 coepisti,
665 956 718 1010 sed
746 956 824 1010 sicut
852 956 948 1027 palma
973 956 1002 1012 in
1032 958 1129 1015 Gades

82 1049 233 1105 adsersus
253 1047 452 1122 opprimentia
475 1050 617 1119 pondera.
981 1115 985 1122 Δ

145 1141 215 1214 Ego
241 1159 302 1214 quo
327 1145 421 1211 magis
443 1139 484 1196 illi
509 1141 630 1210 furunt,
654 1125 691 1196 eo
711 1143 835 1215 amplius
858 1145 1012 1216 procedo:
1040 1146 1131 1203 reliu.

81 1253 140 1308 qao
163 1237 342 1307 priora,th
364 1237 392 1290 iu
409 1236 466 1292 illis
483 1237 608 1292 latrent:
636 1251 749 1308 sequor
767 1237 956 1309 posteriora,
983 1247 1016 1292 ut
1032 1247 1062 1292 et
1081 1239 1131 1294 ille

9 1343 11 1356 ·
81 1326 200 1386 latrent.
228 1329 330 1398 ¹Perge
347 1329 493 1398 feliciter,
511 1337 625 1384 tautum
642 1345 695 1384 ora
712 1329 896 1401 Dominum,
913 1340 947 1385 ut
963 1332 1026 1400 ipse
1046 1349 1131 1388 suam

84 1423 210 1494 gloriam
246 1408 416 1495 operetur,
455 1424 564 1496 fiatque
603 1439 656 1480 sua
690 1424 839 1482 voluntas.
892 1425 1002 1497 Scripsi
1030 1417 1131 1480 autern

82 1517 222 1576 Domino
243 1517 284 1575 D.
313 1518 497 1590 Hieronymo
523 1519 742 1587 Oohseniarts,
767 1535 829 1575 non
848 1519 921 1575 mihi
943 1535 1064 1575 errores
1086 1521 1132 1573 vi.

88 1614 171 1683 deri,
188 1612 253 1686 quie
266 1623 301 1670 tu
323 1613 486 1678 asseruisti,
504 1615 558 1671 sed
577 1601 849 1670 veritatessv'ideri
869 1615 957 1668 etiam
973 1612 1046 1668 mihi
1063 1627 1132 1670 suas
1159 1671 1161 1674 ,

87 1710 250 1780 positiones
270 1726 327 1780 pro
351 1709 465 1780 majore
483 1718 567 1782 parte
587 1724 749 1777 erroneas,
771 1715 866 1763 etms
890 1720 1023 1778 paratum
1047 1723 1131 1794 esse,
1180 1761 1186 1790 ,

88 1789 145 1858 ne'c
167 1802 314 1872 diffidere,
341 1811 376 1857 ut
396 1803 537 1868 defendas
559 1812 589 1857 et
610 1813 679 1858 tuos
703 1811 734 1856 et
758 1819 844 1857 meos
864 1818 994 1862 errores.
1030 1801 1133 1874 Siquid

88 1905 187 1952 autern
208 1912 248 1952 ex
268 1896 458 1954 scholasticis
477 1895 655 1953 doctoribus
675 1897 875 1968 protulerint,
892 1897 986 1952 sciret
1009 1911 1041 1950 se
1059 1893 1134 1950 nihil

88 1990 165 2060 apud
181 2006 239 2046 nos
256 2005 364 2063 agere,
383 1989 439 2044 nisi
459 1988 551 2045 verba
568 1993 707 2061 perdere.

155 2083 256 2156 Prope
274 2091 339 2153 est,
356 2093 390 2138 ut
405 2083 522 2154 jurem,
545 2083 659 2138 nullum
683 2099 750 2140 esse
772 2081 949 2152 theologum
974 2083 1135 2139 scholasti.-

91 2193 181 2246 ourn,
205 2173 256 2248 qui
279 2192 370 2232 unum
395 2175 559 2248 capitulum
584 2176 738 2247 Evangelii
764 2177 812 2232 vel
835 2176 937 2232 Bibliae
969 2177 1136 2247 intelligat,

92 2271 260 2344 praesertim
282 2270 474 2341 Lipseuscrn,
500 2271 561 2326 imo
585 2289 623 2328 ue
642 2273 816 2344 philosophi
843 2269 1013 2328 Aristotelis
1044 2287 1135 2326 unum

96 2365 273 2438 capitulum:
302 2367 379 2436 qnod
403 2347 473 2421 curn
498 2367 594 2436 gloria
612 2383 702 2444 spero
720 2349 769 2420 rue
788 2365 1002 2438 probaturum,
1019 2365 1043 2422 si
1064 2381 1136 2420 exa.
1198 2357 1202 2366 ’

93 2460 223 2514 minandi
247 2459 365 2516 decern
397 2460 543 2517 facultas:
576 2461 631 2518 nisi
661 2463 696 2527 ¹id
724 2472 769 2520 cst
799 2461 995 2533 Evangeliunt
1022 2477 1137 2532 nosse,

90 2553 218 2623 syllabas
233 2555 450 2626 pronunciare,
470 2564 622 2627 utcunque
642 2563 750 2611 tamen.
789 2555 892 2631 Quare
911 2573 972 2613 non
996 2557 1100 2612 timess
1120 2569 1138 2608 a

91 2649 165 2704 facie
195 2649 392 2718 ignor-antisse
418 2648 503 2704 cedat
534 2665 574 2704 ex
604 2648 702 2704 animo
735 2649 893 2705 titulorum
925 2651 975 2704 ille
1010 2649 1136 2718 fragor,
1198 2720 1199 2723 Ἴ

92 2742 269 2810 doctorum,
287 2743 536 2811 universitatum,
556 2743 788 2812 magistrorum:
807 2735 897 2797 laruae
916 2744 997 2796 enirn
1018 2751 1088 2796 sunt
1106 2748 1137 2795 et

91 2837 179 2892 facies
208 2835 266 2902 (ne
293 2852 420 2912 paveas,
445 2817 575 2909 quorurn
605 2837 701 2916 corda
733 2833 837 2902 vides)
868 2849 926 2888 nec
959 2833 1137 2890 hominum:

89 2930 192 2986 saltem
218 2931 308 2986 laruas
332 2931 440 2986 faciem
461 2931 613 2987 Dominus
638 2931 746 2984 doceat
775 2935 804 2982 et
831 2928 984 2982 confortet
1013 2939 1052 2983 te.
1104 2927 1139 2982 In

89 3041 148 3095 quo
175 3024 255 3080 bene
278 3025 355 3080 vale.
401 3023 649 3094 Wittembergae,
675 3021 774 3092 vigilia
796 3021 1045 3078 Annunciationis
1071 3021 1138 3078 Do.

89 3118 318 3186 minicae,’anno
335 3117 517 3176 MDXVlIl.

104 3194 122 3224 ’Δ
493 3221 496 3230 ’
540 3211 693 3284 Martinus
712 3208 876 3279 Lutherus,
893 3209 1136 3280 Augustinianus.

521 3593 573 3644 ³¹.
602 3535 752 3661 atam

535 3719 596 3825 tr.
619 3755 693 3824 nu.
864 3835 868 3854 a

89 3993 96 4014 ι
140 3919 191 3995 “¹¹
219 3916 316 4002 iili·
347 3919 557 4002 &tillidi
586 3897 803 3992 &curicitico
823 3915 873 3984 let
893 3909 1081 3995 aututino.
1160 3929 1180 4002 f·
1245 3878 1249 3888 ’

143 4079 205 4130 ΘΜ
226 4078 380 4136 humilitas
398 4050 584 4134 uertirlti‘auuo
606 4078 643 4145 ter
658 4076 727 4132 urire
749 4079 795 4122 tat
812 4073 854 4121 tec
875 4073 945 4126 autera
959 4067 1055 4119 ustulat
1070 4073 1140 4120 aroer
