2686 4558
543 258 638 327 1⁵20-
1048 214 1136 339 '⁴1⁵7'
1195 277 1202 306 ’

58 421 323 492 mendaciis,·sed
342 429 373 478 et
389 420 585 495 blasphemos
604 423 636 477 in
653 411 1060 494 veritatem-evangelicam
1086 429 1123 485 ln

57 519 121 576 hos
139 521 229 591 lupos
248 519 338 576 etiam
355 518 466 573 latrare
484 514 656 588 prohibes?
867 505 868 510 '

130 610 234 670 Testis
256 623 303 668 est
328 610 402 668 mihi
424 611 596 678 Dominus,
625 625 716 680 qnam
737 626 787 665 me
811 610 960 680 cohibui,
987 631 1024 668 ne
1044 617 1123 674 hanc

57 707 241 762 maledicam
268 715 299 762 et
326 702 608 780 impotentissimatn
632 705 809 762 schedulam
828 709 950 762 nomine
978 709 1122 784 Episcopi

4 835 7 854 .
60 818 126 858 non
148 809 326 856 reverenter
342 799 505 866 haberem,
524 799 663 855 dicturus
680 799 810 870 alioqui,
832 818 897 871 quac
918 803 1045 858 cerebra
1065 808 1122 864 ista

60 897 254 970 oportuisset
273 895 391 961 audire,
410 894 491 965 quod
513 905 544 947 et
565 893 692 961 tactam,
711 894 763 949 ubi
785 896 882 966 agnitu
902 899 1034 954 editions
1054 883 1125 958 sess

60 991 144 1045 tueri
164 989 323 1060 coeperint.
359 988 514 1059 Impactae
535 997 644 1065 teneo:
664 997 693 1042 et
712 999 773 1044 tam
793 1001 900 1044 contra
916 991 1125 1064 jura„Evnn.

60 1085 177 1156 getium
196 1093 227 1139 et
247 1098 441 1138 communem
464 1097 586 1138 sensum
607 1092 760 1162 grassatos
782 1100 844 1137 non
867 1085 1025 1153 omittam,
1052 1092 1128 1158 quin

62 1182 170 1234 futuro
192 1161 307 1250 seript'o
333 1187 482 1244 tractem,
509 1186 542 1230 ut
562 1176 746 1249 intelligant,
760 1178 853 1248 .quid'
866 1183 1055 1250 pepercerim
1073 1201 1128 1240 eo·

61 1289 134 1328 rum
153 1289 208 1328 seu
226 1271 348 1326 ruditati
368 1287 422 1328 seu
441 1271 570 1330 malitias.

135 1362 208 1423 Non
229 1367 302 1422 satis
327 1365 425 1434 legisti
447 1364 644 1431 schedulam,
669 1371 703 1419 ut
730 1364 842 1433 video,
868 1381 926 1436 qun
950 1379 1056 1425 contra
1077 1388 1129 1428 me

62 1462 113 1530 (si
138 1477 201 1516 non
220 1447 291 1516 sunt
312 1457 454 1516 omnibus
473 1460 561 1536 peinis
581 1455 745 1524 rudiores)
772 1459 845 1514 nihil
866 1471 913 1516 eat
935 1467 1129 1534 venenatius,

63 1553 274 1629 pestilentius,
292 1552 466 1626 malignius,
486 1553 660 1606 mendacius
679 1554 845 1624 scriptum,
865 1554 926 1610 imo
941 1573 1002 1612 non
1022 1560 1051 1614 in
1066 1577 1131 1629 me,

65 1649 172 1705 sedin
191 1645 319 1702 rerhum
340 1645 431 1734 Dei.⁸
455 1644 549 1720 Quod
568 1646 593 1700 si
613 1645 654 1702 ob
673 1646 753 1704 hanc
773 1665 838 1702 rem
862 1651 1043 1708 exulandum
1065 1663 1131 1722 est,

67 1753 120 1810 aut
140 1743 229 1798 locus
249 1741 429 1808 mutandus,
454 1741 572 1796 aliudve
589 1740 778 1813 patiendum:
803 1745 884 1814 scis,
908 1763 998 1816 quam
1019 1765 1077 1818 ego
1099 1748 1129 1804 id
1167 1791 1171 1800 ,

67 1835 258 1894 incommodi
278 1843 453 1890 contemno.
937 1893 939 1901 ¹
1131 1837 1146 1854 “

141 1931 285 1987 Obsecro
309 1938 357 1997 te,
384 1929 408 1984 si
433 1929 475 1984 de
492 1913 657 1998 Euangelio
682 1936 766 1984 recle
785 1929 894 1990 sentis.
923 1932 985 1986 noli
1005 1913 1129 2004 putarer
1181 1917 1184 1924 ⁶

68 2042 138 2081 rem
148 2025 212 2096 ejus
228 2037 321 2096 posse
334 2024 399 2078 sine
415 2023 563 2085 tumultu,
585 2022 726 2079 scandalo
738 2062 747 2090 ,
760 2023 914 2098 seditione
934 2026 990 2092 agi.
1025 2025 1075 2080 Tu
1090 2043 1134 2082 ex.

69 2121 171 2194 gladio
185 2135 246 2175 non
263 2118 356 2172 facies
373 2117 519 2188 plumam,
543 2131 599 2172 nec
618 2132 659 2172 ex
676 2117 759 2172 bello
777 2133 900 2188 pacem:
920 2119 1049 2190 verbum
1067 2123 1131 2178 Dei

70 2215 187 2286 gladius
201 2221 246 2267 est
256 2251 267 2280 ,
293 2211 408 2268 bellum
426 2219 489 2280 est,
513 2210 599 2265 ruina
618 2218 663 2266 est
673 2191 697 2280 ,¹
711 2213 885 2270 scandalum
907 2221 974 2280 est,
1001 2217 1135 2288 perditio

71 2319 121 2366 est
133 2348 144 2378 ,
171 2321 320 2363 venenum
344 2313 408 2372 est,
436 2313 466 2360 et
494 2300 552 2372 (ut
572 2307 669 2360 Amos
688 2306 751 2373 ait)
769 2305 848 2360 sicut
870 2323 961 2363 ursus
978 2310 1008 2364 in
1029 2309 1076 2364 via
1103 2319 1137 2365 et

70 2405 165 2460 leaena
183 2401 213 2456 in
231 2399 323 2468 silva,
348 2397 393 2454 sic
412 2399 549 2454 occurrit
566 2399 632 2454 filiis
650 2397 808 2478 Ephraim.
843 2397 950 2470 Longe
967 2403 1135 2458 veliemen-

71 2498 135 2554 tius
153 2497 184 2552 in
200 2492 328 2564 Emser,
354 2491 500 2561 Eccium,
525 2491 631 2548 Tetzel
650 2494 776 2567 scripsi,
807 2501 838 2550 et
855 2489 929 2551 nihil
949 2513 981 2551 es
1000 2488 1136 2568 conque·
1214 2506 1222 2518 ¹

72 2601 154 2649 stus.
174 2588 256 2664 Quid
275 2588 301 2644 si
322 2587 412 2644 etiam
430 2585 573 2643 officialis
592 2597 643 2644 eut
662 2569 928 2660 edemEpiscopus
948 2606 1009 2644 non
1028 2607 1139 2660 agnos.

72 2695 128 2741 cat
145 2683 331 2738 editionem?

148 2777 258 2850 MnJ'ori
278 2775 416 2848 periculo
434 2773 667 2848 ipsisscribnnt,
686 2789 776 2846 quam
794 2786 873 2844 ego:
893 2776 943 2846 qui
961 2749 1141 2846 Evangelii,
1181 2826 1182 2832 ,

70 2875 206 2949 Jurium,
234 2871 361 2928 rationis
381 2873 525 2928 naturalis
544 2880 574 2926 et
593 2869 693 2926 omnis
712 2884 818 2924 sensus
842 2869 917 2924 adeo
940 2880 1010 2924 sunt
1030 2869 1140 2938 obliti,

73 2977 113 3024 ut
141 2983 180 3023 ne
207 2967 237 3022 id
261 2966 383 3038 quidem
408 2965 562 3034 curarint,
588 2977 701 3038 neme
727 2977 790 3016 non
817 2963 1014 3032 damnarent,
1038 2976 1139 3034 neque

75 3063 243 3128 vocatum,
259 3075 358 3132 neque
377 3059 544 3126 monitum,
569 3073 669 3128 neque
688 3056 854 3124 edoctum,
879 3071 973 3126 eaque
993 3065 1143 3124 egerunt,
1162 3038 1164 3046 ¹

77 3155 146 3237 qp'ae
164 3155 245 3211 nulla
263 3143 380 3210 ratione
401 3169 417 3206 a
443 3169 492 3206 me
513 3151 570 3206 sibi
595 3150 660 3234 lieri
685 3158 879 3222 paterentur,
897 3133 963 3222 quae
981 3164 1039 3205 nec
1050 3150 1140 3237 flecis
1220 3200 1223 3208 ,

77 3241 360 3320 saltem'Episcopo
381 3255 412 3304 et
431 3245 569 3302 Officiali.

150 3343 306 3401 Prodeant
334 3357 427 3408 sanc,
447 3339 479 3394 si
502 3337 592 3393 libet:
622 3345 671 3405 et,
696 3331 722 3392 si
745 3335 831 3394 obliti
853 3331 965 3392 inerint
991 3331 1145 3395 decorum
1201 3385 1205 3392 .

79 3435 262 3511 episcopalis
288 3445 444 3505 personae,
472 3439 523 3487 aut
548 3431 640 3488 etiam
668 3431 835 3502 Ollicialis,
860 3447 898 3488 no
922 3422 1061 3500 dubites,
1085 3449 1145 3502 ego

80 3531 222 3590 adductis
242 3527 401 3610 scripturis
417 3525 463 3582 sui
484 3525 590 3580 decori
611 3527 738 3598 pulchre
757 3542 812 3582 eos
831 3541 984 3580 memores
1007 3527 1145 3605 reddam.

77 3627 157 3683 Non
174 3639 298 3696 possum
317 3621 424 3701 timere
444 3619 630 3692 praecipitem
650 3609 680 3675 et'
700 3621 853 3674 indoctam
871 3620 960 3674 istam
982 3619 1144 3676 invidiams

79 3721 131 3774 sic
150 3717 240 3772 Dens
260 3731 310 3770 me
335 3715 423 3786 rapit.
460 3713 522 3790 Qui
544 3713 655 3770 viderit
667 3754 679 3784 ,
706 3714 778 3784 quid
800 3714 889 3768 iaciat
914 3730 968 3786 per
991 3721 1054 3786 me,
1075 3727 1148 3775 cum

77 3811 162 3872 mihi
177 3811 234 3867 sim
249 3819 369 3873 certus,
389 3802 465 3864 nihil
484 3807 597 3864 horum
617 3823 657 3863 ex
672 3822 722 3862 me
742 3808 917 3879 quaesitum,
937 3818 989 3865 aut
1007 3811 1153 3882 patirum,
1258 3789 1265 3817 ¹

80 3907 140 3964 sed
160 3896 261 3962 omnia
280 3905 378 3968 alieno
400 3904 505 3960 surore
523 3903 599 3958 mihi
616 3902 807 3974 extorqueri.
904 3895 905 3898 ’

167 3997 240 4080 hii.
263 3991 292 4065 Ι.
866 3993 907 4064 27
