2760 4556
203 256 269 368 'sno
682 277 772 344 tate.
840 327 843 332 .
912 263 913 270 ‘

78 501 81 508 ,
206 441 294 506 sinici
320 431 428 509 rogatu
450 447 642 506 termonem,
678 451 770 508 quem
797 435 864 494 scic
890 435 1064 508 pervenisse
1088 436 1119 492 in
1147 448 1289 526 munus·
1365 427 1366 446 ¹

121 601 126 614 Ι
206 535 353 609 (propter
371 548 448 606 quoe
464 531 638 603 suspicabar
655 539 721 586 tum
742 547 825 586 eme
840 529 988 603 petitum)
1011 531 1258 586 heroumilren.

204 631 468 715 denburgensiutn,
483 625 535 682 ubi
558 627 586 681 id
607 627 667 696 egi,
685 643 722 680 ne
739 625 944 697 susciperetur
957 625 1019 680 ullo
1034 625 1260 709 modo-bellum

203 722 390 798 hujusmodi.
436 722 472 778 In
495 737 554 793 qua
580 721 727 778 sententia
751 719 850 778 adbuc
873 735 964 788 snrn,
991 720 1048 776 nisi
1075 719 1259 776 melioribus

143 849 147 862 ·
205 821 292 878 luero
312 829 445 875 muretus
470 816 613 873 elenchis.
661 815 696 870 In
719 815 824 871 eadem
846 825 892 872 est
917 814 1062 870 Erasmus
1090 815 1120 870 in
1151 815 1261 884 multis

203 915 294 984 locis,
313 913 394 972 sinn
409 912 517 968 melius
539 911 640 980 nosti,
659 923 748 982 quam
763 925 832 980 ego.
867 907 948 968 Mihi
969 911 1067 966 visum
1081 919 1146 977 est,
1163 909 1189 965 si
1207 910 1262 964 ad.

183 1007 310 1065 luerem
335 1009 455 1064 Turces
481 1007 604 1062 omnino
627 1007 816 1078 pugnandum
835 1015 897 1074 eet,
922 1005 1045 1060 anobis
1062 1005 1193 1075 primum
1211 1004 1261 1059 in·

202 1103 374 1174 cipiendutn
385 1119 462 1160 esse.
488 1099 613 1158 Frustra
627 1101 701 1157 foris
716 1099 860 1157 bellamus
873 1099 1002 1157 carnalis
1016 1097 1114 1166 bellu,
1132 1100 1258 1171 quaudo

146 1251 156 1260 ,
200 1196 284 1256 domi
307 1211 484 1270 superemur
502 1194 707 1268 spiritualibus
724 1195 821 1252 bellis.

269 1291 389 1347 Deinde
413 1291 495 1363 quod
519 1306 576 1346 nec
604 1289 633 1344 in
657 1291 753 1344 veteri
774 1306 831 1345 nec
855 1305 937 1345 novo
961 1295 1143 1346 testamento
1161 1287 1259 1344 ullum

97 1391 104 1412 ‘
202 1395 321 1456 gestum
329 1366 392 1440 '‘est
414 1383 528 1440 bellum
556 1383 693 1440 humenis
717 1384 850 1452 viribus,
875 1383 932 1440 nisi
954 1399 1073 1454 semper
1091 1381 1203 1438 infelici
1223 1391 1258 1438 ct
1365 1397 1366 1468 j

202 1477 285 1536 todo
299 1487 427 1536 eventu:
452 1479 478 1534 si
496 1478 568 1550 quid
584 1469 683 1534 sutem
701 1487 785 1535 recte
803 1478 916 1541 cessit,
937 1479 974 1533 de
994 1478 1080 1536 coelet
1091 1476 1150 1532 luit
1164 1475 1260 1532 bella.

201 1583 285 1638 tum,
305 1582 340 1628 ut
358 1588 480 1644 possem
493 1574 704 1646 'copiosissime
720 1575 842 1630 docere.
878 1567 1009 1646 Quando
1028 1579 1127 1626 antem
1143 1571 1260 1626 Roote-

200 1683 239 1723 ne
255 1669 339 1724 curia
354 1667 445 1724 hodic
464 1669 599 1723 omnium
616 1667 787 1728 'furcarum
802 1681 946 1739 supernos
962 1665 1152 1736 tyrannidem
1170 1666 1260 1732 (ten.
1365 1673 1366 1694 ¹

200 1761 242 1826 tic
268 1762 414 1838 monstris
433 1771 540 1818 contra
553 1761 720 1818 'Christum
743 1772 773 1820 et
797 1763 862 1832 ejus
883 1758 1051 1816 Ecclesiam
1073 1759 1208 1832 pugnat)
1226 1770 1260 1832 et

200 1854 310 1914 cterue
331 1856 361 1912 in
380 1856 529 1928 esuritis,
547 1855 740 1924 ambitionis,
759 1866 789 1912 et
805 1854 933 1912 luxuries
948 1856 1100 1930 profundo
1117 1855 1260 1912 submer-

200 1965 254 2008 ens
278 1957 345 2020 est,
371 1960 402 2008 et
426 1952 595 2008 miserrime
623 1953 663 2009 sit
685 1951 797 2026 ubique
819 1951 912 2008 iacies
932 1949 1096 2008 Ecclesiae:
1122 1967 1187 2006 non
1212 1961 1261 2010 eet

131 2069 138 2086 ν
198 2059 271 2118 spes
292 2041 365 2102 boni
384 2045 455 2102 belli
478 2057 529 2103 eut
547 2047 643 2104 lelicis
662 2049 808 2104 victorine.
844 2047 931 2104 Deus
960 2041 1128 2118 (quantum
1141 2045 1260 2116 video)

200 2149 309 2216 contre
324 2158 380 2214 nos
396 2151 522 2212 pugnet:
538 2142 590 2198 bic
607 2143 739 2215 primum
754 2149 834 2198 esset
852 2140 1066 2212 expugnandus
1082 2139 1259 2210 lachrymis,

133 2256 135 2265 ·
199 2219 285 2304 pu'ris
304 2236 502 2304 orationibus,
520 2247 623 2294 sancte
637 2239 716 2307 sits,
734 2247 765 2292 et
780 2236 838 2293 lide
853 2251 935 2307 pura.
972 2234 1030 2290 Sed
1045 2234 1083 2290 de
1096 2233 1161 2290 hcc
1173 2235 1258 2292 elles.

253 2327 484 2397 wirtembergc
501 2331 564 2392 eine
576 2331 669 2388 dubio
684 2331 814 2390 manebo
829 2337 992 2404 expectens
1004 2329 1147 2388 somene
1161 2329 1259 2386 infeli.

201 2419 304 2499 citetis
324 2429 552 2493 argumentum,
571 2441 742 2496 quanquam
761 2441 864 2496 spero,
884 2425 933 2482 vel
956 2423 1150 2480 conscientie
1174 2436 1259 2480 metu

96 2497 102 2602 ἶ
199 2529 263 2580 non
279 2513 508 2586 praecipitabunt
527 2517 675 2575 furorem.
709 2519 760 2574 De
779 2519 975 2592 appellatione
996 2517 1111 2588 figenda
1129 2517 1258 2574 ubilibet
1365 2529 1366 2550 ¹

200 2607 358 2668 consulem
372 2607 582 2680 jurisperitos.
839 2603 842 2614 ’
870 2664 873 2672 ,
994 2663 995 2668 ,
1252 2675 1253 2678 ,

190 2771 194 2780 .
266 2701 446 2758 Sermonem
462 2703 684 2771 Vinarieneetn,
702 2725 795 2790 poem
809 2708 908 2780 petis,
925 2708 1044 2780 penitus
1058 2721 1126 2764 snm
1141 2707 1258 2764 oblitus

199 2796 257 2852 nisi
278 2813 336 2854 una
359 2800 413 2853 vix
437 2798 552 2871 reliqua
578 2800 705 2890 incipis:
734 2817 767 2856 ee
791 2811 854 2868 est,
874 2805 956 2875 quod
979 2813 1081 2859 certus
1098 2819 1189 2873 sum,
1207 2819 1259 2858 me
1365 2831 1366 2848 ι

200 2890 345 2947 ad'versus
364 2891 540 2960 hypocritas
564 2903 594 2958 et
609 2895 791 2968 justitiarios
810 2889 1007 2968 Era‘ngeltun
1025 2905 1173 2954 tractasse
1197 2898 1259 2968 (si.
1365 2915 1366 2928 *

112 3033 115 3040 ,
200 2993 254 3040 cut
274 2985 374 3039 omnia
394 2985 479 3040 soleo
493 2987 527 3056 ),
554 3003 685 3060 quorum
703 2993 740 3046 in
755 3007 790 3046 es
816 2993 899 3047 curia
919 3007 1014 3047 unum
1032 2992 1149 3060 eximie,
1166 2993 1259 3062 ineig.

201 3094 272 3134 nem
291 3078 380 3134 novi:
407 3081 461 3135 sed
485 3067 543 3138 etsi
559 3099 621 3138 non
641 3087 809 3151 nominem,
838 3095 872 3141 tu
893 3101 1014 3159 quoque
1032 3085 1125 3142 nosti.
1143 3104 1148 3112 ·
1169 3085 1257 3144 Ntltil
1365 3103 1366 3160 3

180 3220 182 3244 p
201 3174 281 3252 enim
293 3173 481 3244 magnatibus
491 3183 522 3230 et
533 3179 707 3250 potentibus
720 3182 879 3236 nocentius
889 3182 949 3236 isto
961 3194 1070 3250 genere
1084 3179 1257 3252 bominum,

200 3267 254 3338 qui
261 3306 271 3335 ,
290 3283 360 3322 cum
377 3285 504 3338 prorsus
521 3271 595 3328 nihil
608 3273 785 3344 didicerint,
809 3276 920 3330 docent
935 3281 1036 3328 temen
1049 3275 1150 3328 omnis
1165 3277 1257 3332 etism

200 3361 376 3430 angelorum
402 3364 546 3436 quasdem
569 3367 741 3436 religiones.
782 3365 888 3436 Hisb)
907 3367 1057 3438 institutis
1070 3367 1138 3422 data
1162 3385 1259 3442 opsrn
1365 3377 1366 3418 l

200 3455 283 3508 volui
301 3457 541 3516 contravenire..
561 3455 598 3527 c)
617 3459 759 3518 Tantum.
771 3464 847 3518 scio.
881 3459 973 3517 Debo
999 3469 1099 3518 tamen
1118 3479 1256 3535 opernm,
1365 3511 1366 3534 p

200 3547 315 3626 siquid
336 3550 462 3622 amplius
482 3555 630 3609 memoria
646 3555 774 3626 habeut,
802 3567 833 3612 et
859 3556 976 3611 mittem
995 3565 1106 3628 quanto
1128 3573 1258 3630 possunt
1365 3549 1366 3594 i

202 3641 309 3710 eitiuej
335 3645 388 3700 sed
407 3644 483 3703 bene
503 3663 541 3704 eo
563 3659 652 3720 pacto
675 3666 713 3708 ne
733 3665 766 3708 tu
785 3649 907 3725 quoque
926 3651 1089 3709 mendene
1111 3661 1258 3727 tanunn

208 3815 730 3852 ΜΨ

256 3955 289 4007 b)
314 3957 420 4005 Anrli.
439 3959 509 4008 cod.
526 3961 591 4015 Jen.
608 3965 689 4022 buius.

254 4041 284 4092 c)
312 4037 427 4094 Mod
447 4039 601 4118 seruiet
