2686 4558
1017 281 1021 293 ’
1054 333 1114 410 ut

46 495 279 572 ,Er-unitissimo
295 501 325 550 et
342 494 462 570 inteqro
483 493 581 560 Viro,
601 493 765 568 Magistro
785 493 921 572 Geor-pio
939 491 1115 594 Spalatintt,

137 609 160 651 a
175 592 278 664 rubris
294 587 534 664 principatibus,
553 593 609 647 suo
626 591 660 648 in
677 590 813 647 Domino
830 586 971 662 quori.
990 589 1025 659 ³)
1089 590 1092 596 '

487 741 691 822 ¹Jesus..

47 871 209 966 Salutem.
243 908 361 968 Multas
378 923 419 964 ex
437 916 468 964 te
486 907 588 964 literas
608 907 730 976 accepi,
757 910 798 966 mi
818 909 984 984 spalatino,
1002 915 1116 972 miror.

48 1023 115 1078 que
137 998 273 1064 nondum
296 1006 334 1061 ad
357 1015 388 1062 te
407 1005 582 1078 pervenisse
603 1019 670 1070 ens,
698 1003 809 1076 quibus
827 1007 971 1080 respondi
991 1011 1052 1066 tuis
1074 1025 1114 1066 ex

49 1101 192 1157 Buttstet
210 1101 300 1158 detis.
309 1101 404 1174 ,Nihil
429 1101 509 1156 euim
531 1097 609 1154 aliud
631 1099 841 1170 posteriores,
858 1119 949 1174 quam
971 1103 1046 1176 illae,
1063 1123 1117 1178 pe.

48 1197 188 1266 fierunt,
214 1185 333 1252 scilicet
355 1196 392 1252 de
412 1195 512 1252 missis
531 1193 675 1252 Patribus
693 1195 729 1250 ed
748 1210 798 1252 mc
819 1211 860 1252 ex
877 1196 1035 1264 Eislebent
1053 1202 1117 1270 ,sed

49 1291 157 1346 adhuc
174 1305 265 1364 spero
286 1287 409 1364 interim
430 1291 466 1346 erl
485 1298 516 1346 te
534 1289 666 1346 venisse.
691 1289 832 1350 ‚Carolus
854 1293 935 1350 enim
953 1295 1060 1368 petiit,
1083 1305 1118 1352 ut

46 1385 197 1458 privatim
218 1381 359 1441 Romano
381 1384 522 1476 Pontifici
541 1383 726 1456 scriberem,
753 1402 941 1459 expurgans,
968 1405 1030 1446 non
1048 1405 1115 1448 esse

49 1495 327 1556 personum-suam
349 1498 365 1536 e
387 1497 437 1536 me
462 1489 604 1538 taxatam.
635 1481 670 1536 ld
697 1483 834 1538 nondum
863 1483 948 1554 ieci,
969 1485 1034 1557 jem
1052 1503 1117 1542 non
1186 1467 1193 1488 ⁸
1276 1471 1283 1488 ’

49 1576 213 1645 facturus,
231 1585 395 1648 postquam
416 1574 528 1632 Eccius
547 1575 657 1647 Lipsiae
674 1574 771 1632 bullas
793 1593 828 1636 ac
846 1577 927 1635 diras
946 1578 978 1634 in
996 1581 1046 1636 ine
1064 1598 1118 1654 pat

48 1680 136 1737 rates
159 1668 275 1725 hebere
299 1669 418 1728 auditus
438 1679 495 1727 est.
516 1669 642 1726 ‘Adhuc
658 1671 848 1740 ignoratum,
868 1673 940 1746 quid
958 1675 1116 1736 r'nolintur.

124 1763 235 1821 Multis
256 1751 356 1820 visum
376 1772 441 1828 est,
455 1773 492 1820 ut
510 1764 687 1838 Principem
707 1777 849 1822 nostrum
873 1785 1034 1838 rogarem,
1054 1787 1118 1842 quo

51 1860 191 1916 edictum
210 1860 365 1932 imperiale
389 1860 464 1918 mihi
492 1861 689 1932 impetraret,
726 1875 764 1914 ne
791 1861 859 1930 quis
881 1862 938 1918 nisi
962 1864 1124 1936 Scripturt'u

52 1955 235 2012 convictum
251 1955 419 2026 damnaret,
438 1962 489 2009 eut
507 1953 627 2010 libellos
641 1969 729 2010 meos
748 1948 913 2012 inhiberet.
931 1956 982 2012 Tu
995 1958 1118 2030 videris,

53 2067 93 2106 an
115 2050 154 2106 sit
179 2050 377 2106 consultum:
401 2065 458 2118 ego
478 2049 598 2118 segnius
618 2048 648 2104 id
668 2065 761 2120 curo,
782 2049 864 2122 quod
882 2051 1002 2120 indigne
1021 2053 1118 2108 leram

52 2146 177 2202 libellos
196 2161 283 2202 ineos
301 2145 377 2201 adeo
398 2143 610 2216 multiplicari.
631 2154 796 2215 optemque
817 2161 871 2202 eos
891 2145 921 2202 in
941 2147 1119 2204 universum

56 2239 153 2297 semel
179 2225 364 2308 obn'cidere,
383 2239 467 2311 quod
494 2239 555 2294 sint
576 2238 753 2294 confusanei
781 2229 816 2294 ef
842 2239 990 2312 impoliti,
1019 2259 1120 2314 quen.

57 2350 150 2406 quam
177 2351 227 2390 res
254 2335 333 2404 ipsas
360 2332 480 2406 cupiam
507 2333 648 2389 omnibus
678 2349 745 2390 osse
774 2335 922 2404 cognitas.
968 2335 1027 2392 Sed
1056 2353 1120 2393 aon

56 2445 165 2486 omnes
187 2445 294 2486 aurum
316 2445 334 2483 e
353 2427 416 2484 luto
440 2427 585 2497 colligere
605 2437 750 2498 possunt,
774 2431 838 2486 neo'
857 2439 905 2486 eet
927 2447 1024 2504 opus,
1048 2448 1120 2488 cum
1188 2488 1192 2506 .

59 2523 215 2578 abundent
231 2523 325 2578 litcrae
339 2521 486 2578 meliores
506 2529 536 2577 et
553 2522 632 2578 sacri
649 2521 730 2582 libri.
765 2523 834 2581 Hoc
849 2527 945 2595 magis
963 2541 1120 2598 cuperem,

55 2621 82 2677 si
102 2621 191 2675 vivos
208 2617 324 2686 libros,
347 2618 411 2672 hoc
432 2626 496 2690 est,
513 2618 750 2674 concionatores
769 2635 931 2690 possemus
949 2620 998 2674 vel
1016 2621 1119 2675 multi.
1160 2606 1163 2615 ¹

55 2716 188 2790 plicare,
207 2713 255 2772 vel
273 2721 357 2768 tutos
376 2713 493 2780 facere,
511 2713 563 2786 qui
583 2713 688 2768 eadem
707 2684 800 2782 vulgo
816 2714 985 2770 traderent:
1004 2715 1043 2770 tle
1061 2729 1120 2787 quo

55 2828 93 2866 re
113 2809 201 2866 mitto
220 2807 274 2864 tibi
293 2825 344 2869 eo,
364 2823 430 2880 quoe
450 2823 490 2862 ex
507 2807 593 2864 Italia
610 2807 684 2864 mihi
702 2807 796 2863 misse
814 2815 895 2862 sunt.

130 2904 158 2958 Si
173 2903 320 2980 Princeps
334 2912 442 2958 noster
459 2901 511 2958 hic
527 2902 636 2970 vellet,
655 2901 769 2970 credo,
788 2901 843 2958 vix
861 2911 951 2978 queat
971 2919 1038 2960 sese
1055 2920 1122 2962 ma.

57 3001 105 3070 gis
129 2999 251 3068 dignum
275 3013 351 3070 opus
375 2998 487 3061 iacere.
530 2995 559 3050 Si
584 2997 665 3063 enim
691 2995 784 3051 Italiae
807 3011 931 3072 quoque
954 2999 1062 3068 vulgus
1086 3016 1121 3055 ea

61 3104 201 3168 caperet,
221 3093 377 3150 robustius
397 3093 479 3147 forte
499 3097 606 3146 nostro
626 3106 716 3146 causo
733 3101 838 3148 staret.
883 3091 962 3167 Quis
981 3093 1057 3162 scit,
1083 3111 1120 3150 an
1176 3149 1182 3160 ,

58 3192 130 3248 illos
145 3191 234 3246 Deus
253 3189 403 3268 suscitet,
417 3195 449 3242 et
467 3185 642 3257 Principem
658 3193 800 3242 nostrum
817 3186 880 3242 boc
893 3187 1017 3252 nomine
1031 3187 1122 3244 nobis

58 3295 178 3352 serrat,
204 3295 238 3342 ut
253 3301 313 3357 per,
326 3300 395 3340 eum
411 3299 469 3339 suo
487 3279 584 3337 verbo
601 3283 809 3351 cooperetur?
835 3279 912 3338 Vide
933 3297 1024 3350 ergo,
1050 3281 1123 3354 quid
1231 3269 1238 3290 '

59 3383 115 3441 hic
139 3397 232 3455 queas
252 3379 443 3454 pro‘Christi
463 3391 554 3432 oense
574 3389 772 3448 promovere.
805 3375 852 3446 Is,
881 3375 933 3449 qui
950 3391 967 3432 e
987 3373 1122 3432 Veneriis

57 3475 184 3547 scribit,
203 3477 298 3533 freter
318 3483 365 3532 est
381 3473 491 3532 Lazari
504 3469 667 3546 Spengler,
691 3472 742 3544 qui
763 3488 782 3529 o
800 3471 995 3542 Nurmbe'rgs
1017 3471 1054 3531 ad
1072 3487 1123 3528 me

57 3572 143 3628 misit
162 3569 318 3644 exemplar
336 3569 428 3628 istud.

130 3665 224 3721 Liber
248 3667 286 3721 de
311 3664 484 3750 captivitate
501 3662 648 3720 Ecclesiae
669 3661 797 3720 sabbato
821 3662 918 3720 exibit
930 3650 957 3734 ,¹
974 3673 1005 3720 et
1031 3663 1068 3718 ad
1091 3671 1123 3720 te

58 3761 210 3818 mittetur.
253 3759 438 3818 Carlstedins
457 3771 488 3816 et
510 3761 575 3832 ipse
590 3760 674 3830 jacta
694 3757 806 3814 alesin
825 3758 1009 3821 Pontificem
1028 3759 1122 3814 Rom.

118 4043 147 4090 a)
176 4033 248 4090 cort.
262 4041 284 4094 J.
303 4041 406 4088 Erudiro
422 4049 447 4088 et
460 4037 502 4098 pio
516 4040 591 4098 Viro'.
608 4041 639 4090 D.
656 4039 762 4100 Georgio
776 4038 921 4098 spalatino,
936 4035 1028 4092 Christi
1042 4047 1126 4096 serto,

62 4131 109 4199 suo
124 4119 149 4165 in
166 4121 270 4166 llorninn
288 4122 389 4182 emico.-
