2760 4556
221 315 279 393 iss
577 305 580 312 ’
699 293 788 372 1sls.

255 451 261 476 ⁸
287 473 405 554 Horum
421 467 500 526 enim
520 461 652 524 studium
667 475 730 532 est.
750 461 904 533 atriden,
922 477 961 518 ne
981 475 1117 531 regnum
1135 459 1286 529 veritatis,

219 568 248 628 id
269 579 332 637 est,
352 565 465 622 Christi
484 565 523 621 sit
543 579 669 632 regnum
690 560 1019 630 veritstis‚dumt1nc
1040 557 1152 616 furore
1166 557 1197 610 id
1212 565 1287 611 sata.

219 675 312 733 gunt,
335 676 373 716 nc
391 660 503 714 veritas
522 659 551 713 in
571 674 665 728 regno
687 673 744 714 suo
763 655 887 728 proprio
908 653 1051 708 audiatur
1074 659 1107 706 et
1127 659 1285 706 tractetur.

219 757 287 826 Ego
303 773 351 810 me
372 763 488 826 partem
509 752 611 830 hujus
617 752 703 824 regni
722 750 786 806 lieri
805 749 915 822 cupio,
940 748 966 806 sl
988 763 1055 804 non
1079 747 1188 802 veraci
1210 743 1286 814 vita,

219 860 304 908 certe
328 859 427 904 tamen
453 847 554 900 veraci
587 845 683 916 lingua
712 853 743 900 et
775 845 898 913 cords,·
891 852 1096 914 -utcnmqne
1129 839 1286 894 emendata

114 979 120 996 ,
153 943 160 950 “
219 945 325 1001 saltem
343 955 416 996 vere
435 939 608 996 confitente.
644 939 762 1010 Etego
777 939 939 1010 experior,
957 937 1114 1009 populum
1131 934 1286 1005 suspirare

217 1051 329 1094 rocem
348 1035 479 1108 pastoris
497 1036 542 1091 sui
563 1035 692 1099 Christi,
721 1043 756 1090 et
776 1035 854 1089 miro
878 1032 979 1088 studio
999 1033 1032 1086 in
1053 1045 1163 1086 sacras
1183 1029 1285 1085 litent

218 1131 338 1186 fervere
353 1132 441 1186 etism
460 1131 678 1186 adolescentes.
711 1129 816 1202 Coepts
830 1137 876 1182 est
892 1126 969 1198 apud
982 1141 1044 1182 nos
1059 1124 1176 1182 Graecs
1192 1123 1286 1178 lectu.

216 1243 270 1292 rs,
288 1227 495 1294 graecisssmus
511 1239 618 1292 omnes
633 1233 758 1296 propter
771 1221 958 1279 intellectum
972 1221 1102 1278 Bibliae:
1123 1215 1285 1274 chraeum

218 1331 415 1391 expectamus
434 1319 543 1384 etiam,
563 1329 594 1373 et
611 1317 787 1390 Princeps
779 1333 808 1378 ιιι
826 1317 888 1394 hoc
908 1331 1013 1370 curam
1032 1314 1148 1372 habet.

225 1471 227 1478 ,
298 1413 397 1468 Habui
422 1425 595 1470 sermonem
622 1413 658 1468 dc
685 1412 1001 1468 excommunicatione
1026 1407 1284 1476 Wittembergae,

217 1507 415 1563 vehementer
447 1510 652 1564 necessarium
689 1507 801 1581 populo
828 1516 953 1580 propter
983 1506 1079 1562 dures
1112 1502 1283 1560 officialium

216 1600 395 1656 vexationes
418 1601 448 1670 io
473 1602 618 1674 populum
644 1611 794 1660 nostrum.
838 1601 940 1676 Quem
961 1617 1033 1658 cum
1055 1615 1169 1656 omnes
1188 1596 1283 1653 nostri

211 1694 329 1765 juristae
359 1705 390 1758 st
419 1693 555 1766 theologi
587 1697 718 1770 probans
748 1679 903 1761 maxime,
939 1678 1053 1752 mirum
1083 1705 1189 1750 tamen
1218 1697 1281 1760 est,

218 1799 330 1860 quanta
349 1791 485 1846 incendia
502 1791 576 1847 mihi
599 1806 638 1845 ex
655 1789 707 1846 iilo
723 1791 854 1846 conflare
873 1783 1045 1846 studuerint
1062 1788 1281 1844 obscnvatores

217 1893 340 1939 atroces
363 1885 471 1954 nimis,
497 1885 548 1956 qni
576 1899 695 1958 raptum
714 1897 755 1940 cx
772 1900 827 1941 ore
845 1899 915 1940 mco
933 1885 964 1939 in
982 1883 1136 1938 articulos
1156 1878 1282 1937 odiosis.

216 1969 293 2032 simo
318 1980 507 2056 compositos
535 1991 601 2034 tum
630 1983 827 2049 redegerant,
856 1987 886 2033 ct
913 1976 1025 2048 ubique
1051 1983 1235 2047 sparserunt
1253 1979 1282 2026 et

141 2083 145 2092 “
216 2081 361 2142 spargunt
386 2089 457 2128 cnm
483 2072 589 2144 insigni
617 2075 747 2130 nominis
772 2073 830 2130 mci
857 2071 1122 2145 persequutione:
1154 2069 1280 2140 denique

214 2167 360 2234 Augustas
378 2168 457 2234 inter
475 2178 628 2238 magnates
647 2169 731 2225 volat
750 2179 781 2224 et
799 2170 897 2225 irritet
916 2166 1049 2224 multos:
1081 2167 1113 2222 in
1139 2163 1279 2222 Dresden

215 2259 289 2313 mihi
311 2261 366 2348 ipsi
386 2263 417 2315 in
441 2262 549 2322 taciem
572 2263 713 2333 objectus
732 2263 807 2330 fuit,
830 2263 925 2334 allstis
945 2261 1059 2340 aliquot
1077 2261 1219 2332 ejusdem
1235 2272 1278 2310 ar.

215 2351 327 2408 ticulis.
368 2353 471 2420 Vide‚'
494 2370 585 2424 quam
610 2351 753 2412 insidiose
779 2366 864 2428 petar
891 2366 922 2411 et
948 2353 1080 2428 undique
1099 2356 1202 2432 sepiar
1222 2353 1280 2426 spi·

171 2461 178 2468 ·
215 2445 278 2500 nis:
297 2445 349 2500 scd
364 2443 505 2502 Christus
526 2447 599 2502 vivit
618 2455 649 2502 et
668 2457 772 2517 regnat
790 2447 856 2504 heri
876 2457 907 2504 et
924 2447 1038 2518 hodiet,
1059 2460 1090 2510 et
1109 2450 1142 2505 in
1161 2449 1276 2504 secuta.

215 2537 382 2594 Veritatem
400 2540 523 2596 doctam
543 2557 559 2595 s
578 2557 645 2599 me·
667 2542 852 2600 conscientia
872 2541 946 2597 mihi
966 2543 1152 2618 remandet,
1180 2552 1211 2597 ct
1228 2557 1277 2596 re.
1317 2541 1321 2561 '

217 2632 338 2688 ritatem
360 2647 430 2688 cum
449 2635 621 2710 nominem,
640 2633 709 2692 ideo
726 2635 820 2706 magis
839 2635 988 2699 odiosam.
1024 2636 1139 2692 Utcrus
1158 2635 1277 2692 Rebec.
1350 2703 1351 2712 ἵ

135 2759 138 2764 -
216 2743 260 2786 cae
278 2737 345 2785 est:
375 2703 546 2801 parvulos
538 2747 568 2790 tn
587 2707 625 2786 eo
645 2731 746 2787 collidi
764 2745 890 2828 necesse
908 2739 977 2800 est,
1008 2731 1098 2786 etiam
1117 2727 1275 2803 usquead

215 2823 385 2896 periculum
405 2824 522 2880 matris.

285 2917 345 2971 Ista
362 2933 435 2972 ecce
453 2918 511 2973 fuit
529 2935 636 2989 causa,
662 2929 697 2974 ut
713 2921 834 2976 ederem
853 2919 982 2975 cundem
1001 2935 1195 2987 sermonem,
1215 2934 1274 2992 quo

217 3009 373 3065 venenatis
405 3011 472 3066 istis
499 3014 634 3069 articulis
665 3031 887 3084 occurrerem,
923 3023 975 3071 aut
1006 3015 1083 3070 male
1112 3013 1276 3072 intellectis

215 3103 315 3160 lucem
332 3105 482 3161 afferrem
518 3107 569 3162 Tu
584 3125 639 3180 pro
659 3125 708 3163 mc
729 3126 799 3173 ors,
821 3125 859 3164 ne
879 3108 968 3166 nimis
986 3109 1130 3178 gaudeam
1150 3118 1182 3164 et
1204 3119 1275 3165 con.
1349 3129 1350 3134 ¹

164 3208 168 3221 ¹
215 3197 326 3254 fidam
319 3217 349 3256 ιιι
365 3201 421 3257 rsts
434 3203 612 3259 tentatione
639 3203 726 3261 Deus
743 3205 801 3260 rllts
817 3221 877 3260 non
894 3204 1040 3274 imputet
1059 3219 1127 3258 oro.
1156 3201 1276 3262 Habent

218 3301 249 3347 et
269 3293 323 3366 ipsi
344 3295 442 3350 zelum
462 3295 542 3363 Dei,
558 3298 648 3352 etiam
667 3310 745 3358 teste
764 3297 824 3368 me,
841 3299 894 3355 sed
909 3295 1162 3366 indoctissimum,
1178 3295 1274 3355 donec

142 3383 147 3400 ¹
216 3397 248 3441 et
270 3387 352 3460 ipsos
374 3389 522 3444 illuminet
544 3393 649 3446 endem
668 3394 734 3448 luce
753 3402 857 3448 nostra
876 3391 968 3448 Jesus
989 3389 1148 3469 Christus,
1176 3387 1228 3463 q'ui
1247 3399 1274 3445 tc

217 3491 319 3534 servet
341 3483 398 3540 sibi
425 3483 454 3538 in
476 3483 604 3553 gloriam
627 3493 658 3541 et
679 3487 709 3541 iu
735 3485 883 3544 Ecclesin
905 3503 967 3556 suos
992 3483 1136 3564 salutem,
1161 3487 1271 3566 Amen·

173 3611 175 3616 -
216 3566 278 3642 Dic
295 3571 411 3646 Egidii,
428 3575 615 3636 Mvattt.

884 3675 918 3735 F.
936 3674 1090 3756 Martinus
1107 3641 1268 3734 Lutherus.

530 3909 943 3942 *ffl-
