2714 4556
545 307 641 378 ΝΜ.
668 371 671 378 ,
702 391 707 402 ¹
905 319 908 326 '
974 387 976 394 ‚
1016 337 1027 370 ¹
1066 317 1125 386 111

60 465 226 539 menimis
243 443 311 525 tote
327 463 394 537 via,
421 469 454 524 et·
467 465 545 524 mire
563 463 764 528 conveniebet
779 467 854 526 milti
873 467 961 530 uibus
976 478 1009 528 et
1022 481 1127 550 petus,

57 563 95 619 itu
107 571 142 620 ut
159 564 322 622 nonnullis
339 564 443 620 videar
456 563 554 621 taetus
569 563 705 620 habitior
721 571 752 620 et
772 565 990 636 corpulentior.

119 659 272 732 Suscepit
295 675 346 716 me
378 643 498 730 egregie
518 659 739 716 illustrissimus
755 657 903 732 Princeps
922 660 1125 736 Wollgengns

58 749 167 811 comm
187 753 371 826 Paletinue,
389 764 420 810 et
433 752 584 824 Magister
597 753 735 810 Jacobus
752 753 875 818 Simler,
898 757 951 813 sed
970 758 1124 830 etllssiue

56 849 144 902 ouria
166 847 339 920 Magister.
377 849 518 906 Invitavit
538 849 619 904 euim
642 864 714 916 une,
742 848 773 906 id
797 857 862 918 est,
881 847 1006 907 Patrem
1025 852 1118 911 Vice-

52 939 130 996 rium
151 941 360 1016 Staupitium‚
377 927 513 1014 Leugutn
536 949 692 1010 nostrum,
720 959 805 1000 nuuc
822 943 977 1002 vicarium
997 949 1124 1020 provin.

54 1035 178 1092 ciulem:
205 1047 252 1097 et.
263 1037 343 1094 dulci
358 1037 553 1110 iucundaque
572 1037 807 1094 couversatione
825 1039 955 1096 invicem
971 1041 1125 1112 gaudebe-

53 1139 138 1196 mus,
157 1129 292 1188 edentes
311 1139 343 1186 et
361 1129 517 1202 bibentes,
535 1141 568 1191 et
583 1131 685 1188 omnis
702 1127 836 1188 secilluli
852 1134 1016 1191 cistrensis
1029 1133 1124 1192 Pela..

55 1223 109 1278 tini
137 1233 342 1294 ornamenta,
368 1225 474 1282 deinde
498 1227 626 1284 bellicos
655 1234 834 1298 appuimus,
863 1227 994 1298 denique
1016 1227 1119 1286 omnia

56 1317 168 1386 terme,
196 1337 268 1391 que
293 1320 386 1376 hebet
413 1319 513 1392 regule
541 1321 613 1378 illud
639 1328 669 1376 et
696 1321 784 1394 plene
809 1319 1045 1379 illustrissimum
1067 1337 1119 1377 ca..

54 1420 175 1480 enum,
201 1415 318 1470 decora
338 1413 517 1470 lustrantes.
572 1413 645 1472 Nou
673 1417 773 1486 putuit
794 1415 875 1472 'setis
901 1417 1119 1480 commendere
1234 1395 1237 1410 ⁸

54 1503 207 1576 Magister
237 1505 378 1566 Jtoobus
403 1508 509 1563 literne
533 1508 686 1581 Principis
714 1509 812 1566 nostri
843 1525 901 1582 pro
933 1525 982 1569 tue
1015 1509 1119 1578 detes,

56 1600 160 1684 dicens
178 1619 233 1659 sua
248 1601 433 1659 Necberens
447 1603 562 1674 lingua:
583 1601 628 1671 ibt
647 1603 713 1672 buit
731 1604 765 1672 itt
784 1602 860 1666 (dett
878 1601 959 1666 tinen
976 1601 1119 1674 nitidus

57 1691 188 1771 &tabem-
221 1697 307 1755 Nihil
334 1699 537 1755 desideratum
556 1707 622 1768 est,
640 1700 723 1770 quod
740 1699 958 1755 humanitatem
977 1697 1113 1754 deceret.

127 1789 229 1849 Porro
243 1791 479 1866 disputationem
498 1807 597 1848 meam
614 1789 741 1848 Domini
759 1793 917 1849 Doctores
936 1801 967 1848 et
986 1791 1119 1848 libenter

57 1884 266 1957 admiserunt,
295 1895 327 1944 et
352 1905 388 1944 ee
414 1888 563 1945 modestia
592 1901 715 1945 mecum
750 1883 980 1958 disceptarunt,
1011 1895 1044 1942 ut
1076 1900 1117 1942 eo
1294 1947 1295 1956 χ

58 1979 180 2034 nomine
205 1981 280 2037 milti
311 1981 366 2052 ipsi
400 1981 460 2038 sint
483 1981 783 2038 commendatissimi.
825 1977 1008 2054 Quanquam
1034 1977 1117 2034 enim
1180 2003 1189 2016 ·
1249 2023 1253 2036 .

57 2073 214 2141 peregrine
233 2073 291 2130 illie
311 2074 654 2144 sidnacestrensem,
678 2073 875 2130 nihilominus
893 2081 995 2128 tamen
1016 2081 1047 2128 et
1069 2089 1129 2130 ur..
1168 2115 1171 2127 .

57 2173 132 2232 gnte
150 2173 189 2222 'et
211 2166 337 2250 pulchre
363 2169 510 2226 adversus
532 2157 598 2223 eam
625 2167 842 2232 velitabeutur,
873 2177 1005 2240 excepto
1036 2182 1116 2238 uno,
1152 2210 1153 2217 ,

58 2258 112 2328 qui
138 2270 202 2316 erat
220 2261 355 2332 quintus,
381 2271 413 2318 et
431 2261 533 2332 junior
550 2263 680 2318 ductor:
709 2264 760 2334 qui
780 2264 874 2318 risum
893 2261 952 2318 toti
968 2262 1117 2320 movebat

60 2351 239 2422 auditorio,
266 2356 379 2427 quaudo
404 2355 544 2424 dicebat,
570 2356 595 2412 si
618 2357 724 2412 rustici
746 2357 811 2414 hec
834 2357 999 2426 audirent,
1028 2361 1115 2413 certe

57 2442 207 2518 lapidibus
222 2463 277 2504 vos
292 2447 460 2507 obruerunt
478 2461 509 2506 et
528 2451 742 2508 iuter-licerent.
778 2451 1029 2508 Erfurdiensibus
1044 2465 1114 2507 mes
1156 2455 1158 2466 '
1192 2525 1195 2534 .

57 2538 209 2612 theologia
233 2550 299 2612 est,
335 2541 393 2598 Bis
419 2549 549 2600 mortem
574 2537 719 2604 wambe:
758 2555 789 2602 et
819 2547 955 2620 inprimis
986 2547 1113 2604 Ductor

55 2631 237 2692 Isenecensis
251 2635 394 2694 crucibus
415 2623 531 2708 placitis
548 2640 623 2710 meis
640 2642 760 2710 nigrum
779 2640 857 2698 thits
873 2639 1015 2714 praefigit,
1033 2641 1115 2697 detis

56 2729 91 2784 ud
118 2745 166 2786 tne
187 2730 295 2800 literis,
321 2729 432 2803 quibus
454 2741 486 2790 et
504 2733 667 2792 dialectice
681 2749 803 2808 quoque
820 2734 980 2804 ignarum,
997 2735 1112 2790 nedum

59 2821 216 2895 theologie
235 2835 389 2896 urgueret.
911 2871 917 2891 .

119 2917 332 2991 Disputssseut
360 2929 391 2976 et
413 2921 492 2996 epud
517 2937 591 2990 ecs,
615 2921 674 2978 uisi
698 2920 869 2976 litaniarum
890 2919 954 2980 dies
981 2919 1111 2994 impedi.
1147 2937 1149 2945 ¹

52 3023 151 3067 mento
178 3013 337 3072 tuissent:
369 3016 484 3071 contuli
512 3025 613 3070 tamen
639 3031 712 3070 cum
742 3013 887 3072 Doctors
920 3015 1112 3082 Iseneoenei,

51 3117 176 3172 presens
190 3119 360 3178 praesente:
380 3119 411 3165 et
425 3109 455 3166 id
474 3110 580 3165 etitem
600 3109 708 3179 effeci,
727 3117 762 3165 ut
779 3109 982 3178 intelligeret,
1001 3124 1035 3164 se
1047 3123 1112 3167 non

51 3211 218 3263 posse-suu
248 3202 382 3273 probare
413 3219 471 3258 nec
498 3217 565 3258 mat
592 3202 775 3259 confutare:
801 3203 875 3258 imo
909 3211 939 3257 et
972 3201 1112 3274 ipsorum
1205 3185 1215 3212 ⁸

50 3294 145 3358 potius
178 3299 345 3359 sententies
371 3313 438 3353 esse
471 3312 538 3352 eum
564 3295 710 3366 bestium,
739 3311 805 3370 quae
835 3311 868 3354 se
892 3295 988 3369 ipsum
1012 3294 1113 3348 fertur

51 3391 198 3448 comesse.
235 3375 293 3447 Set
315 3393 428 3448 frustra
444 3399 587 3446 narretur
611 3390 710 3446 nbula
731 3389 846 3460 surdo,
875 3390 938 3446 suis
963 3385 1113 3444 distincti.

50 3481 167 3541 unculis
196 3473 392 3558 pertinaciter
419 3483 590 3541 inhaerent:
640 3486 756 3543 etiamsi
787 3483 1011 3552 confiteantur,
1049 3495 1113 3538 nus

50 3585 112 3630 este
128 3577 231 3652 ulique
248 3580 408 3635 autoritate
423 3578 634 3647 continuatus,
652 3581 707 3637 nisi
729 3580 893 3636 dictamine
914 3578 963 3643 (ut
979 3571 1110 3642 vocant)

50 3673 187 3728 naturelie
213 3673 362 3728 rationis:
393 3673 477 3744 quod
503 3673 580 3744 aput
612 3691 670 3734 nos
697 3677 777 3731 idern
802 3683 873 3742 est,
903 3673 987 3745 quod
1014 3673 1113 3728 chaos
1145 3655 1150 3666 ⁵

51 3763 259 3832 tenebratum,
278 3767 329 3836 qui
352 3783 415 3820 uon
436 3767 634 3840 predicemus
659 3768 745 3824 elium
764 3767 883 3835 lucem,
907 3783 999 3840 quam
1018 3765 1111 3821 Chri.

47 3865 126 3910 stunt
145 3855 256 3914 desem
276 3858 376 3918 lucem
397 3876 505 3918 rerem*
522 3873 553 3918 et
569 3863 679 3920 solum.

114 3949 194 4004 Cum
211 3951 356 4010 Doctore
375 3954 509 4026 Usingeu
528 3957 665 4028 pluribus
682 3973 772 4031 quum
790 3975 862 4014 cum
883 3955 1024 4014 omnibus
1036 3953 1109 4018 Aeliis

17 4103 18 4114 ¹
49 4042 110 4112 sti,
128 4051 164 4100 ut
180 4052 397 4116 persuaderem
419 4051 604 4122 (eratenim
622 4053 910 4124 sociaetatem),
928 4051 983 4110 sed
998 4049 1104 4108 nescis
