2756 4558
651 32 659 88 i

573 309 667 379 1519.
871 275 992 321 '¹'
1059 271 1189 379 'uss'

99 482 318 542 nunccupane
335 467 480 537 gloriatos
500 475 567 532 eat.
595 459 685 540 quod'
705 466 734 521 in
758 465 937 522 sententium
955 481 1041 524 auem
1056 467 1154 532 ,Caro-

100 563 264 618 lostadium
281 563 482 636 pertraxerit,
500 564 612 621 audeus
631 562 720 618 etiem
735 561 797 616 hoc
814 561 931 625 dicere,
953 562 1155 618 scholasticos
1183 589 1188 606 ι

99 657 247 715 doctores
268 673 420 730 utinquam
448 657 535 713 aliter
556 657 695 714 docuisse
720 665 752 712 et
777 657 921 745 sapuisse.
969 655 1155 732 Quodcum

19 759 22 764 '
99 753 230 808 sentiret
258 752 459 824 impudentius
489 751 569 820 dici,
593 742 688 822 'quem
719 751 821 806 audire
854 750 954 834 possit
982 751 1156 830 quicunque

99 843 306 904 Scholasticos
327 847 466 918 legisset,
494 847 539 902 sic
563 861 633 900 sene
655 845 853 916 temperavit,
880 854 915 900 ut
934 845 1059 920 Scotum
1083 860 1159 902 cum
1224 853 1227 862 '

99 939 242 998 Scotiatis
267 942 381 998 suiset
407 940 588 1011 capreolum
606 955 676 1000 cum
699 937 871 996 Themistis
891 939 952 996 suis
979 951 1157 998 constanter

99 1043 243 1103 negaret,
269 1035 456 1107 antiquiores
480 1034 622 1092 Altiaiod.
645 1031 811 1092 ilonavent.
834 1041 865 1090 el
882 1035 987 1092 nescio
1006 1049 1157 1107 quorsu-

98 1135 188 1186 tores
203 1128 342 1198 elingens.
379 1127 478 1184 Credo
496 1139 612 1197 autem,
633 1129 715 1200 quod
735 1127 800 1184 hnc
823 1143 883 1184 eure
899 1128 1007 1199 iatine·
1024 1128 1157 1186 homini.

97 1221 158 1278 bne
176 1238 291 1292 magne
310 1224 394 1280 cruci
414 1223 548 1290 luerint,
573 1224 628 1280 etei
653 1223 748 1280 risum
767 1221 937 1280 miserrime
958 1225 1156 1302 temnerent,

98 1333 171 1372 cnm
194 1318 303 1373 ducem
320 1333 427 1386 auum,
445 1327 506 1376 tam
525 1320 647 1374 fortiter
661 1333 835 1388 eggressum
850 1329 1020 1388 tamennon,
1036 1319 1157 1378 ¹relictis

98 1412 211 1483 signis,
226 1427 304 1470 mox
318 1422 478 1470 senserunt
495 1413 536 1480 (si
554 1423 654 1470 temen
670 1412 842 1486 senserunt)
860 1414 1050 1472 desertorem
1067 1428 1158 1468 exer.
1248 1435 1258 1443 ,

96 1507 230 1562 citnset
245 1507 434 1577 transfugam
451 1507 573 1564 lectum.
606 1507 685 1564 Nem
705 1510 735 1564 id
751 1507 962 1568 caroiostedio
983 1508 1056 1565 setis
1074 1515 1161 1576 erat,

97 1600 358 1656 scholasticorum
375 1602 547 1660 doctorum
573 1611 637 1658 tres
659 1603 844 1667 celebriores
867 1613 966 1660 eectts
996 1603 1089 1658 inisse
1119 1601 1157 1654 sb

97 1688 197 1750 Ennio
219 1695 324 1750 eedem
343 1695 422 1752 hors
445 1705 584 1766 nautas,
617 1713 691 1770 quas
716 1699 773 1754 nisi
797 1708 954 1768 negasset,
978 1697 1159 1766 Pelagisnus

97 1788 319 1858 Ingolstedium
338 1805 517 1846 reversurus
540 1798 615 1846 eret.
657 1792 783 1850 Certum
801 1803 849 1850 est
868 1794 967 1862 enim,
984 1791 1160 1848 Modernos

97 1883 201 1955 (quoa
222 1881 356 1952 vocent)
373 1899 445 1940 curn
460 1883 599 1942 Scotistis
615 1868 834 1956 et'Thomistia
854 1891 885 1944 in
900 1888 959 1944 irco
977 1903 1012 1964 re
1030 1886 1080 1952 (id
1098 1893 1155 1948 eat.

95 1977 196 2033 libero
215 1977 342 2036 arbitrio
362 1989 393 2034 et
410 1976 530 2050 gratis)
549 1981 749 2052 consentire,
761 1991 892 2054 excepto
912 1997 974 2038 uno
999 1979 1156 2048 Gregorio

97 2071 305 2141 Ariminensi,
323 2089 414 2143 quem
431 2091 538 2131 omnes
555 2076 715 2144 damnant,
742 2078 794 2148 qui
817 2085 848 2132 et
867 2077 931 2149 ipae
949 2091 1004 2132 eos
1022 2073 1158 2142 Pelagio,
1243 2148 1246 2156 Ι

96 2167 146 2222 nis
167 2168 335 2224 deteriores
357 2184 423 2226 esse
441 2179 473 2225 et
491 2179 577 2228 recte
598 2180 629 2226 at
646 2171 808 2228 efficaciter
828 2169 1000 2226 convincite
1026 2167 1058 2224 Is
1076 2167 1156 2222 enim

97 2259 186 2318 aolus
210 2262 289 2318 iuter
314 2263 522 2322 scholasticos
548 2275 656 2322 contu
679 2281 785 2322 omnes
814 2264 1028 2321 Scholasticos.
1051 2277 1157 2317 recen.

99 2357 199 2412 tiores
216 2373 285 2412 cum
300 2341 339 2426 h)
356 2360 526 2428 Augustino
546 2371 578 2418 et
595 2361 747 2432 Apoetnlo
758 2359 854 2418 Penio
873 2357 1034 2414 consentit.

178 2449 256 2506 Nam
288 2451 440 2522 Pelagiani
466 2456 522 2512 etsi
543 2456 613 2512 sins'
628 2453 723 2523 gretie
742 2469 819 2526 opus
842 2453 959 2508 bonum
979 2447 1044 2508 fieri
1062 2451 1157 2524 posse
1182 2479 1185 2486 ·
1223 2487 1226 2492 -
1250 2457 1259 2468 ‘

97 2546 303 2614 asseruerint,
320 2562 383 2608 uon
402 2555 502 2604 tmnen
521 2549 585 2604 sine
606 2549 700 2619 gratis
720 2549 832 2606 coelum
852 2545 984 2602 obtineri
1003 2547 1156 2601 dixerunt.

96 2639 185 2694 Idem
204 2653 288 2696 certe
308 2640 413 2698 dicunt
431 2642 628 2714 Scholastici,
647 2645 719 2700 dum
734 2645 801 2700 sine
819 2643 915 2712 gentis
931 2657 1008 2714 opus
1024 2640 1155 2708 bonum,

98 2735 154 2790 sed
179 2750 241 2789 nou
263 2735 456 2792 meritorium
478 2737 543 2794 lieri
566 2739 696 2795 docent:
724 2738 831 2794 deinde
862 2752 955 2808 snper
979 2733 1157 2802 Pelagianos

96 2827 226 2895 addunt,
249 2827 406 2886 hominem
425 2830 539 2888 hebere
563 2833 715 2890 dictamen
736 2830 874 2890 natursle
896 2837 988 2884 rectse
1011 2825 1158 2892 rationis,

95 2921 147 2977 cui
170 2937 204 2978 se
227 2923 325 2994 possit
345 2926 523 2982 natursliter
543 2923 917 2994 conformare'voiunus,
936 2917 1156 2989 ubi=l³elugiani

93 3015 253 3072 hominem
269 3018 402 3088 adjuvmi
419 3035 474 3092 per
493 3019 592 3090 legem
607 3021 668 3076 Dai
687 3021 840 3076 disserunt.
875 3017 944 3074 Nec
961 3017 1042 3073 hunc
1062 3022 1159 3069 mete.

93 3111 283 3184 morphosim
302 3111 437 3170 Eccieno
461 3115 582 3184 ingenio
612 3114 738 3170 alienam
767 3113 948 3180 existimem
987 3117 1034 3164 est
1061 3108 1092 3160 io
1120 3118 1157 3158 es

92 3207 333 3284 promtissimus.
366 3207 446 3266 Nam
464 3209 590 3266 hoodie
610 3207 733 3280 quidem
746 3221 818 3260 cum
834 3201 987 3272 Gregorio
1008 3196 1060 3268 (ut
1075 3197 1155 3264 dixi)

93 3303 192 3360 sensit
207 3311 239 3358 at
261 3300 466 3360 Carolstediot
486 3317 594 3358 rursus
609 3301 704 3357 alteru
721 3315 843 3356 mecum
861 3309 1063 3364 congressus,
1082 3307 1156 3346 eun.
1180 3335 1186 3362 ,

93 3399 166 3454 dem
178 3395 259 3486 mihi
277 3394 464 3467 Greguiium
483 3398 514 3454 iu
531 3396 637 3452 eadem
659 3396 750 3458 etism
768 3392 894 3450 metetis
913 3389 1056 3460 negttvit,
1084 3401 1155 3456 pro.

91 3501 164 3564 pter
176 3491 338 3548 articulum
351 3491 537 3554 llnssiticitm
548 3493 578 3548 in
587 3487 623 3565 i)
636 3491 797 3548 constent.
813 3485 952 3542 Concilio
969 3484 1154 3540 damnatum

92 3587 142 3644 1t=
160 3603 236 3644 vers
254 3585 401 3645 mirificus
421 3596 485 3656 est,
504 3598 536 3644 et
555 3590 602 3644 cui
622 3604 686 3646 unu
702 3584 831 3642 viderim
849 3580 997 3644 similem,
1010 3611 1012 3618 ,
1023 3576 1158 3647 disputa.
1250 3613 1254 3620 .

90 3689 147 3737 tor
163 3681 296 3745 Eeeiuss
316 3682 394 3754 apud
413 3697 504 3758 quem
526 3683 601 3740 nihii
620 3684 660 3741 sit
680 3681 729 3737 vei
749 3676 876 3751 periculi
896 3673 946 3730 vei
966 3671 1049 3740 vitii,
1074 3669 1157 3726 Gre.

91 3776 175 3845 gorii
191 3776 322 3834 Arimin.
340 3777 522 3856 sententiam
535 3795 605 3836 cum
622 3777 667 3835 D.
688 3769 900 3834 Orroioatadio
921 3777 1028 3828 contra
1047 3773 1155 3824 omnes

149 3991 183 4044 lt)
212 3993 241 4040 d.
261 3991 286 4041 Β.
301 3993 330 4046 4
347 3993 516 4068 Curuiostadio
530 3995 548 4042 i.
561 4009 582 4042 es

147 4067 177 4114 il
207 4071 329 4122 s-ia.
436 4085 445 4094 ·
