2716 4556
445 65 485 102 ,.

446 211 451 240 ,
610 249 647 280 ,1
1117 223 1121 228 .

571 312 665 385 ιειιι
782 365 787 376 .
874 299 879 314 ’
977 389 988 413 ,
1078 319 1143 384 ssu

87 473 329 546 Apostolorum,
349 479 400 527 aut
415 429 560 530 Pontifex
570 475 737 543 maximus,
753 483 787 530 ut
800 458 1004 532 se'nriuimuru
1016 491 1146 550 quoque

87 567 331 638 Apostolorum,
351 583 410 622 neo
431 567 571 637 dignum,
590 571 640 640 qui
661 576 788 626 vocetur
811 571 998 647 Apostolos,
1015 571 1147 640 clamet,

88 671 210 717 tuntum
233 661 336 732 obest,
362 671 394 718 ut
420 663 640 720 sanctissimum
662 679 695 717 se
711 662 820 737 jsoret,
848 663 977 735 denique
1000 663 1147 722 detribu
1232 721 1241 744 x

87 756 248 828 Benjutmin
273 765 359 814 ortus
385 765 446 826 est,
473 759 523 830 qui
542 775 557 812 s
573 757 713 830 loseph,
735 757 875 812 misimus
896 759 1024 816 fratrum
1049 775 1146 816 roos.

88 858 160 906 tur:
187 859 278 922 atque
296 859 334 908 ut,
345 851 417 910 nihil
438 869 498 908 uon
516 853 554 908 sit
572 852 745 918 minimum,
771 851 843 906 nihil
857 849 973 921 judiost
989 869 1022 908 se
1044 853 1145 922 scire,

87 945 147 1002 uisi
169 943 280 1002 Jeeuru
304 943 475 1016 Christum,
500 963 556 1002 neo
573 957 672 1002 tumen
690 945 791 1014 huno,
815 945 871 1000 nisi
888 946 1085 1012 oruoilixum,
1115 947 1147 1004 m

87 1048 157 1107 est,
174 1040 332 1096 minimum
350 1051 380 1098 et
397 1041 595 1098 novissimum
619 1042 772 1095 omnium:
791 1056 853 1094 ιιοιι
876 1039 995 1110 ignarus
1014 1043 1148 1114 utique,

88 1133 128 1189 de
152 1131 247 1190 rebus
268 1135 325 1192 illis
345 1136 483 1192 maximis
512 1145 542 1213 et
565 1135 699 1190 omnium
716 1133 835 1204 primis.
855 1135 892 1190 de
909 1147 1059 1207 potestus
1081 1135 1148 1192 Ro'.

87 1243 186 1284 meum
206 1227 352 1286 Ecclesia
373 1241 403 1285 et
425 1229 557 1288 decretis
575 1231 673 1296 illins,
701 1245 762 1284 uon
789 1227 845 1284 sibi
866 1229 1027 1286 rudisslmo
1052 1239 1084 1284 et
1102 1231 1148 1286 in.

89 1323 272 1386 doctissimo
291 1325 459 1395 Apostolo,
483 1325 537 1382 sed
560 1313 632 1381 solis
652 1329 700 1380 ter
716 1323 857 1378 maximis
875 1324 1029 1393 theologis
1053 1325 1147 1381 licere
1258 1361 1263 1374 .

87 1425 235 1474 traotsre.
270 1417 363 1492 Spero
387 1427 487 1476 sutem
509 1419 589 1474 huno
603 1433 700 1474 ruestn
722 1433 844 1488 operam
865 1421 1039 1492 prosperius
1060 1418 1149 1474 habi.

89 1521 214 1580 turam,
247 1513 329 1584 quod
353 1513 392 1570 sit
418 1515 456 1570 de
480 1513 572 1570 rebus
597 1513 656 1570 illis
681 1529 764 1568 mere
787 1513 893 1582 nihili,
928 1515 965 1568 do
993 1521 1148 1586 potestate

88 1607 226 1676 Christi,
246 1624 302 1680 qus
318 1618 426 1681 potens
444 1609 534 1664 estin
552 1607 641 1664 uobis
659 1608 801 1663 adversus
819 1617 921 1680 portus
941 1608 1031 1663 etism
1047 1606 1151 1698 inieri,

89 1703 129 1759 de
149 1702 314 1774 privilegiis
331 1701 464 1758 ecelesia
484 1703 632 1770 coelestis,
652 1719 716 1774 quos
737 1719 794 1757 neo
813 1705 975 1757 maximam
996 1701 1148 1764 lionam.

88 1813 149 1852 neo
165 1798 384 1854 sanctissimam
402 1795 593 1865 Jerusalem,
612 1813 669 1851 neo
690 1797 785 1851 ullum
805 1796 908 1852 locum
923 1795 1028 1876 novit,
1047 1814 1053 1850 t
1133 1811 1150 1848 e

88 1891 144 1950 hio
168 1901 220 1948 sut
239 1892 300 1948 illio
318 1891 473 1948 Christum
498 1892 622 1962 quaerit,
641 1891 742 1948 sedin
761 1889 869 1959 spiritu
889 1899 918 1943 et
941 1889 1072 1944 veritate
1092 1887 1152 1943 Pa.

89 1986 314 2042 tremulosus.
358 1984 440 2059 Quid
469 1987 549 2042 enim
570 1985 645 2042 tunti
666 1985 722 2041 viri
749 1985 798 2040 his
822 1981 1150 2052 nogiomoverrmtur,

89 2079 342 2150 irritarenturve,
371 2095 443 2136 oum
472 2080 531 2136 sint
563 2087 649 2136 extro
679 2093 786 2134 eorum
812 2077 1006 2132 iuoultstem?
1035 2069 1175 2130 Tutius*
1251 2109 1253 2123 .

91 2191 169 2244 ergo
188 2176 314 2230 nuncin
332 2171 486 2248 publicum
504 2173 608 2236 venio,
628 2171 780 2229 abstinens
799 2170 835 2226 ab
856 2170 892 2226 iis
913 2168 1020 2236 robus,
1038 2167 1151 2240 quihus

91 2267 137 2324 illi
156 2269 329 2336 irritantur,
356 2277 387 2324 et
415 2265 589 2324 rescellul'ss
613 2283 679 2322 mes
705 2267 852 2338 parvitate
877 2263 979 2334 dignus
1002 2275 1151 2354 tracturus·

94 2361 271 2445 Caeterum,
295 2363 321 2418 si
347 2361 419 2435 quid
444 2361 558 2418 veteris
580 2360 660 2416 illius
684 2359 834 2432 trsgoedias
860 2357 1011 2414 derebus
1036 2358 1152 2426 mugnis

93 2465 215 2510 ooonm
234 2465 391 2527 superest,
410 2455 483 2527 ipsis
503 2455 668 2526 relinquor·
684 2465 767 2524 tum,
790 2453 876 2526 quou
895 2469 971 2508 uuus
991 2463 1021 2508 et
1040 2467 1153 2523 parvus
1261 2517 1264 2524 ¹

93 2557 127 2605 et
143 2549 297 2619 infirmus,
314 2551 482 2622 praesertim
503 2541 574 2607 oum
592 2551 633 2606 illi
661 2559 696 2623 st,
715 2549 805 2604 otiosi
826 2557 907 2606 stent
925 2555 989 2602 tota
1008 2547 1078 2614 die,
1094 2561 1151 2614 ego
1174 2579 1182 2589 -

93 2653 198 2698 autem
213 2645 271 2700 sins
286 2635 558 2714 negotiosissimum
598 2643 749 2720 Quoniam
761 2643 946 2714 superfluum
963 2649 1031 2703 est,
1049 2651 1153 2692 utrsu.

95 2754 158 2810 que
178 2749 295 2809 purtem
312 2757 410 2798 osusae
426 2741 620 2813 distorqueri.
656 2739 706 2796 Sat
725 2737 877 2793 malorum
895 2745 958 2802 est,
975 2747 1066 2788 unam
1084 2747 1153 2802 prr.

97 2841 160 2890 tem
178 2833 282 2890 dolere
301 2843 332 2888 et
348 2845 489 2890 moestam
507 2849 584 2892 esse.

164 2925 284 2996 Porro,
305 2928 410 3000 optimi
430 2929 488 2985 viri
498 2967 509 2996 ,
526 2938 559 2984 ut
576 2926 665 2984 vobis
683 2924 766 2982 serio
784 2921 903 2992 diou'm,
930 2937 986 2991 ego
1010 2919 1151 2976 Romano

93 3021 241 3078 Pontiiioi
260 3023 385 3096 ejusque
412 3023 543 3080 decretis
567 3037 635 3077 eum
654 3021 805 3077 honorem
822 3017 940 3085 hsbeo,
969 3031 1031 3087 quo
1052 3013 1152 3069 nullus

97 3125 145 3171 est
172 3105 331 3189 superiore
359 3133 417 3172 nec
445 3118 588 3188 excipio,
626 3114 680 3170 nisi
714 3109 1002 3184 principemhujnu
1030 3107 1151 3176 viosrii,

70 3208 209 3266 *iesum
239 3209 414 3279 Christum,
440 3211 609 3268 Dominum
640 3217 781 3262 nostrum
813 3216 845 3261 et
875 3205 1018 3261 omnium.
1054 3201 1153 3272 Hujus

96 3305 231 3362 verbum
255 3307 297 3362 its
317 3306 447 3379 praelero
473 3303 577 3362 viosrii
601 3301 718 3369 verbis,
743 3311 777 3355 ut
801 3300 876 3356 nihil
892 3298 1154 3356 dubitem‘seoun.
1263 3346 1265 3355 ,

98 3399 174 3455 dum
194 3402 293 3478 ipsum
315 3401 512 3472 judicaretis
535 3397 676 3454 omnibus
701 3405 731 3452 et
759 3396 847 3452 dictis
867 3403 899 3450 et
926 3393 1014 3448 factis
1036 3389 1152 3446 visorii.

26 3501 28 3506 '
98 3493 181 3552 Volo
208 3496 288 3550 enim
313 3485 486 3566 subjectum
514 3509 582 3548 eum
611 3499 678 3548 esse
702 3489 775 3546 huio
810 3485 1007 3556 irreirsgobili
1043 3483 1155 3554 regular
1184 3504 1210 3535 ι’

99 3589 262 3661 Apostoli:
292 3591 405 3646 Omnia
419 3587 565 3660 probate,
583 3582 786 3656 qnodbmum
804 3589 848 3639 est
864 3587 968 3638 tenete.
1004 3579 1052 3634 Ab
1073 3578 1154 3647 hoo,

102 3684 245 3756 inquam,
259 3685 335 3754 jugo
354 3685 505 3740 neminem
525 3683 621 3754 patiar
637 3681 750 3738 oollum
768 3686 933 3748 excutere,
951 3675 1015 3732 sive
1032 3673 1155 3730 nomine

102 3782 232 3848 matris,
263 3782 328 3837 sire
352 3781 501 3850 magistra
527 3777 735 3834 Eoolesiarum
766 3775 905 3829 vehatur.
953 3771 1056 3842 Atque
1086 3769 1155 3824 ideo

101 3875 219 3945 magis,
244 3891 307 3947 quo
331 3887 439 3931 nostro
459 3874 569 3930 sarculo
589 3873 718 3928 uidimus
737 3869 865 3926 coucilia
882 3865 1059 3940 reprobari,
1088 3877 1157 3916 rur.

101 3987 172 4026 sum
193 3971 250 4026 ulia
270 3971 458 4038 confirmari,
487 3969 673 4039 theologiam
692 3967 786 4050 meris
806 3961 995 4036 opinionibus
1013 3955 1157 4023 trsotsri,

96 4065 217 4136 jurium
232 4065 421 4125 'sensum‘sb
440 4065 528 4122 unius
553 4061 687 4122 hominis
707 4061 838 4134 pendere
858 4057 994 4116 arbitrio.
1027 4060 1057 4110 et
1080 4049 1156 4106 odeo
