2760 4556
596 343 688 410 ists.
964 323 999 367 ¹
1058 320 1063 335 '
1108 321 1166 422 ira

168 483 324 574 'Nunquid
347 515 420 570 ergo
440 499 518 556 male
539 499 627 572 dico,
656 501 682 557 si
704 501 733 556 in
755 501 864 559 faeiem
881 499 971 576 hujus
993 505 1167 568 Decretalie

105 596 219 654 dixero
235 595 315 651 hanc
332 593 515 652 contrariam
531 596 789 667 propositionem:
809 601 1014 657 sacerdotium
1034 601 1168 674 Christi,

105 706 180 748 cum
192 689 234 746 sit
245 700 401 757 aeternum,
419 703 482 743 non
496 697 541 744 est
553 689 731 746 translatum
745 691 775 746 in
787 687 820 768 S.
835 691 986 752 Petrum?
1004 697 1069 753 Aut
1078 699 1169 754 etiarn

105 783 161 841 hic
180 801 232 840 me
252 794 343 856 coget
367 785 570 850 reverendiss.
593 785 746 842 Dominus
763 783 911 857 Legatus,
930 799 964 844 ut
981 807 1086 846 verum
1101 808 1169 847 sen.

104 893 177 935 earn
194 896 323 948 negem,
342 889 373 934 et
392 877 566 936 Decretalis
587 895 710 936 sensum
741 880 841 936 solum
867 883 1055 954 amplectar?
1081 883 1168 943 Talia

105 983 180 1030 sunt
196 973 226 1030 in
237 973 308 1046 jure
326 975 474 1052 canonico
494 975 606 1044 multa,
625 973 735 1048 quibus
753 973 808 1040 (ut
826 992 895 1030 cum
912 975 1019 1032 fiducia
1034 977 1177 1052 loquar)
1199 966 1220 1060 '.
1313 983 1315 992 '

61 1111 69 1127 s
106 1068 134 1123 si
153 1084 216 1122 non
233 1079 394 1140 corrupta,
413 1079 497 1124 certe
516 1068 676 1125 obscurata
696 1061 926 1142 est‘Scr'iptura.

179 1159 258 1220 Tale
278 1163 349 1234 qnid
370 1172 400 1218 et
422 1163 453 1218 in
473 1161 765 1232 Extravagantema
789 1179 839 1218 me
862 1165 1049 1223 factumest.
1084 1167 1165 1224 Nam
1269 1199 1273 1213 ι

108 1254 315 1312 certissimum
345 1267 411 1324 est,
444 1257 554 1312 merita
581 1257 695 1316 Christi
723 1275 782 1314 non
809 1275 901 1332 posse
929 1275 984 1332 per
1011 1261 1167 1318 hominem

108 1349 292 1422 dispensari:
312 1349 419 1408 deinde
435 1351 526 1406 etiam
540 1351 602 1425 ipsa
616 1354 717 1424 potius
731 1354 908 1426 imponunt,
926 1371 1015 1426 apuam
1031 1357 1169 1412 relaxant

107 1435 191 1501 bona
222 1459 316 1518 opera
343 1443 446 1516 (quod
476 1455 522 1501 est
555 1447 751 1518 indulgentias
780 1447 870 1520 esse)
898 1449 1102 1522 poenitentiae,
1133 1463 1168 1508 ut

108 1539 222 1596 Petrus
242 1547 346 1612 aperte
365 1540 453 1596 dicit:
476 1538 614 1597 carnem
628 1557 688 1613 pro
704 1527 790 1598 nobis
804 1557 918 1612 passus
939 1551 1000 1614 est,
1019 1541 1101 1601 nobis
1118 1563 1169 1600 re.

109 1633 250 1707 linquem
273 1632 465 1704 exemplam,
488 1643 523 1689 ut
546 1639 718 1711 sequamini
739 1637 870 1712 ue'slipia
895 1640 968 1710 p'us.
1016 1637 1089 1695 Non
1110 1642 1167 1695 ait:

110 1743 216 1800 passus
230 1735 279 1784 est
294 1743 351 1802 pro
369 1727 475 1798 vobis,
494 1747 533 1786 ne
545 1743 601 1786 vos
621 1733 813 1802 pateremini,
832 1742 902 1798 aut,
924 1742 958 1787 nt
973 1749 1030 1788 vos
1051 1733 1169 1790 relaxa.

110 1824 238 1890 remini,
268 1823 322 1880 sed
347 1826 521 1912 ertemplum
543 1827 665 1898 reliquit
690 1826 850 1898 sequendi,
878 1843 940 1880 non
958 1827 1082 1896 reliquit
1103 1827 1168 1882 the.

109 1934 234 1974 sautum
252 1903 412 1974 omittendi
431 1929 492 1973 etc

177 2011 251 2068 llaec
275 2023 322 2070 est
341 2014 419 2068 enirn
447 2013 568 2086 propria
586 2012 618 2082 ²)
637 2013 735 2068 virtus
757 2011 938 2067 meritorum
962 2011 1096 2082 Christi,
1122 2031 1170 2069 ar.

109 2116 195 2162 mare
220 2107 259 2162 ad
278 2121 376 2180 opus,
401 2113 462 2162 non
482 2123 596 2180 ponere
618 2107 749 2163 cervical
768 2115 799 2160 et
817 2121 931 2178 ponere
949 2105 1088 2176 pulvinos
1111 2103 1168 2163 sub

110 2199 226 2256 cubitis
252 2209 284 2257 et
311 2199 478 2272 capitibus,
502 2211 536 2256 ut
555 2203 594 2256 ait
613 2200 763 2274 propheta
785 2197 926 2254 Ezechiel
952 2197 1063 2266 (x111.
1086 2201 1127 2256 18.
1137 2201 1163 2270 ).
1240 2237 1243 2246 ι
1286 2198 1288 2208 ⁴

112 2294 190 2350 Ideo
213 2301 319 2349 contra
337 2293 610 2366 Extravagantem,
631 2297 693 2350 imo
712 2306 820 2350 contra
838 2293 950 2347 malum
965 2292 1030 2364 ejus
1053 2293 1169 2350 intelle.

100 2371 202 2444 'ctum
224 2389 366 2462 opposui,
398 2399 429 2446 et
456 2389 555 2445 adhuc
583 2405 717 2462 oppono.
760 2387 828 2444 Nec
851 2396 897 2444 est
919 2387 976 2444 ista
997 2392 1168 2446 commrmis

111 2482 262 2554 Ecclesiae
276 2485 480 2552 consuetudo,
500 2501 589 2558 quam
605 2485 719 2560 jactat,
737 2483 792 2539 sed
813 2483 986 2556 corruptela
1006 2493 1036 2540 et
1056 2483 1167 2540 abusus

112 2587 222 2635 contra
241 2563 401 2653 Scriptura
420 2580 580 2636 veritatem
595 2577 736 2636 militans.
1202 2647 1204 2650 Ι

78 2689 81 2696 ·
183 2671 280 2742 lgitnr
303 2673 446 2746 permitto
467 2671 725 2744 Extravagantern
753 2687 819 2729 esse
844 2687 973 2740 veram,
1008 2673 1062 2728 sed
1090 2689 1168 2742 nego

95 2757 237 2824 ¹sensnm
259 2765 323 2838 ejas
346 2784 428 2837 ease,
454 2784 544 2840 quem
565 2769 693 2824 adducta
710 2765 804 2824 verba
827 2767 988 2836 Scriptura
1006 2765 1120 2821 habent
1138 2767 1168 2820 in

112 2847 171 2918 sno
200 2861 282 2918 loco.
325 2861 400 2937 Quae
427 2861 520 2917 verba
548 2863 652 2933 utique
678 2876 750 2917 vera
780 2861 904 2915 inerunt
931 2859 1089 2944 plusquam
1114 2875 1169 2930 per

112 2956 277 3025 duodecim
291 2971 439 3012 annorum
458 2956 629 3010 centenaria
648 2963 715 3010 ante
732 2953 980 3010 constitutionem
998 2953 1088 3023 hujus
1105 2953 1170 3008 Ex.

110 3051 314 3122 travagantie:
340 3065 438 3121 neque
461 3047 497 3103 ab
513 3047 738 3118 Extravagante
757 3047 806 3103 vel
828 3055 1002 3128 atempore
1023 3046 1086 3116 ejus
1108 3047 1171 3118 pri.

109 3161 196 3204 mum
223 3143 384 3200 veritatem
409 3151 602 3216 acceperunt.
637 3143 727 3199 'Nam
751 3142 774 3199 si
809 3141 865 3196 ista
892 3135 985 3197 verba
1001 3141 1173 3222 ¹Scriptura)

111 3241 149 3297 de
165 3237 358 3308 indulgentiis
375 3237 485 3296 debent
503 3238 625 3307 intelligi
644 3237 769 3310 proprio
788 3243 818 3290 et
836 3235 965 3312 gennipo
984 3250 1090 3290 sensu:
1104 3235 1176 3305 jam‘
1233 3255 1242 3268 ·

112 3342 240 3406 possent
251 3347 293 3412 ert
303 3347 388 3387 sacra
399 3329 553 3403 Sciiptura
568 3331 690 3402 probari
707 3339 738 3386 et
748 3329 948 3386 demonstrari
965 3329 1166 3414 indulgentiae,

112 3429 199 3504 quod
216 3428 254 3482 ad
272 3439 364 3480 unum
383 3440 489 3496 omnes
507 3425 751 3480 constantissime
769 3434 887 3494 negant.

181 3521 280 3592 Igitur
304 3519 376 3575 volo
404 3530 567 3616 utrumque
593 3533 726 3576 servare.
769 3517 811 3573 Et
841 3516 952 3572 dicitur
978 3516 1074 3572 mihi:
1105 3515 1192 3584 imo.

112 3619 208 3674 latum
228 3613 368 3684 (scilicet
381 3611 519 3686 pejorem
534 3613 692 3684 sensum).
704 3611 856 3679 servabis,
876 3610 1004 3665 alterum
1028 3609 1172 3678 (scilicet

111 3706 295 3793 meliorem)
319 3709 453 3780 negabis
494 3707 562 3780 Ego
586 3719 687 3778 autem
706 3707 804 3776 nolo,
828 3705 882 3761 sed
910 3695 1047 3760 sufficeie
1074 3718 1167 3780 puto,

114 3805 213 3864 verbo
241 3783 374 3861 hominis
399 3821 449 3861 me
476 3808 593 3862 tantuin
618 3800 797 3860 reverentias
822 3799 947 3872 gradum
970 3795 1106 3872 dedisse,
1132 3805 1170 3856 ut

168 4101 201 4152 ι)
230 4093 294 4145 vit.
308 4095 377 4151 sen.
393 4092 501 4155 proprie.
