2756 4558
515 379 520 400 ,
601 275 733 380 ιιιιζ.
929 387 931 390 ,
994 343 996 348 ,
1111 309 1174 378 esi
1231 391 1234 399 ,

116 467 291 543 sophistis,
315 465 614 545 compestilentibus
637 441 767 526 Romani
786 465 943 530 Pontidois
967 475 998 532 at
1021 467 1178 528 Romano.

116 579 191 620 ιιιιιι
210 563 247 630 l)
274 571 470 636 tyrannorum
497 564 718 634 adulatoribus,
744 573 862 624 estatem
883 579 1077 624 consumam:
1106 581 1180 636 gau.
1271 599 1284 612 α

115 657 197 716 deus
216 668 247 714 et
265 660 370 718 videns
389 658 560 731 posthabeo
578 659 707 716 istorum
726 675 793 730 prpe
811 659 888 716 seria
907 659 990 714 ludo.

192 752 315 832 Quare,
339 755 380 811 mi
398 753 489 821 Ecci‚
514 771 575 811 non
591 755 701 812 damno
720 765 752 810 ts
766 754 933 813 sanissima
947 754 1069 824 glorias,
1098 753 1181 826 quod

115 844 400 910 haucscbedulsm
420 849 569 918 edideris,
588 861 746 924 antequam
766 859 870 906 certus
886 863 991 912 esses,
1015 850 1087 922 quid
1108 849 1180 922 Lip.
1207 920 1210 928 Ι

116 957 228 1000 censes
252 942 282 998 in
305 943 364 998 hec
380 959 423 998 ue
448 945 601 1000 fecerentr
628 947 690 1000 imo
712 953 873 1016 postquam
895 957 935 998 ex
950 959 1001 998 me
1020 958 1180 1014 acceperas

118 1051 179 1092 eos
194 1037 320 1092 omniuo
337 1053 491 1106 recusare,
508 1017 579 1110 quis
594 1053 634 1094 ex
650 1040 736 1096 inmo
750 1039 867 1098 scilicet
881 1047 911 1094 et
923 1053 963 1094 ex
979 1039 1180 1110 disputatione

116 1145 277 1202 nunqnam
305 1131 407 1189 iuturs
436 1133 563 1205 sperasti
590 1145 710 1206 capture
738 1119 874 1204 glorium.
921 1131 996 1190 Non
1016 1133 1178 1200 criminor,

93 1213 207 1296 'quod
219 1225 355 1281 'subdole
372 1237 403 1308 et
422 1241 528 1299 perum
551 1227 697 1303 humane,
716 1229 827 1284 nedum
848 1227 1024 1299 theologice
1044 1225 1179 1283 Ductori
1288 1227 1304 1242 ¹
1363 1269 1367 1282 .

119 1319 338 1380 Csrolostadio
375 1323 484 1378 alienes
515 1325 739 1408 propositiones
775 1320 954 1391 objecerisxs
1002 1335 1076 1394 quas
1108 1335 1180 1375 curn

120 1419 251 1473 omnino
266 1417 349 1474 ilium
363 1434 425 1473 nou
442 1429 657 1492 suscepturum
679 1429 835 1490 sperares,
853 1415 965 1488 iteruna
978 1411 1021 1478 xalu
1043 1417 1128 1480 iumo
1148 1414 1179 1474 is

121 1520 241 1568 tentum
262 1512 359 1568 virum
380 1512 594 1584 triumphares.
1005 1523 1007 1528 '

193 1605 267 1662 Non
294 1621 429 1678 queror,
461 1607 542 1680 quod
567 1609 615 1664 nd·
634 1609 836 1670 adulationem
866 1607 1063 1664 ioedissimam
1090 1602 1180 1678 Pspsr
1270 1681 1275 1688 .

122 1717 245 1770 versus,
263 1717 313 1760 me
328 1717 435 1759 rursus
453 1703 483 1758 in
500 1703 615 1760 fabulas
632 1704 817 1772 traduxeris,
836 1717 994 1774 novosque
1010 1717 1027 1755 ι
1042 1709 1073 1754 te
1091 1696 1181 1754 fictos

123 1811 249 1852 errores
276 1795 350 1850 mihi
382 1795 587 1868 imposueris,
629 1809 659 1852 et
684 1807 785 1854 temen
814 1797 888 1856 nibil
913 1795 1011 1850 minus
1038 1803 1181 1864 tongere

122 1890 290 1948 simularie.
329 1889 512 1950 Toleramus
529 1893 586 1948 ists
604 1909 620 1946 ι
638 1893 785 1960 theologo
802 1891 901 1946 lectas
926 1888 957 1944 ld
975 1887 1075 1944 solum
1094 1886 1183 1942 volu.
1286 1943 1291 1949 ,

123 2001 195 2046 mus
209 1986 394 2069 ostendere,
424 2001 481 2044 nos
502 1987 620 2042 scilicet
641 1985 811 2054 intelligere
831 1979 975 2053 strophas
994 1990 1062 2035 tues
1085 1979 1183 2036 infeli.
1301 1999 1303 2007 ι

124 2081 206 2138 citer
234 2091 372 2138 versutus
393 2090 424 2136 et
447 2079 678 2150 iigurssrnihilo
700 2079 864 2152 figuratas,
896 2085 926 2130 et
957 2073 1126 2144 benigniter
1151 2079 1183 2128 ts

125 2191 274 2246 monere,
290 2185 324 2231 ut
345 2176 505 2248 deinceps,
527 2151 696 2246 propioris
715 2169 893 2246 tus,pnuln
917 2168 1054 2226 civilior·
1075 2165 1185 2222 astutia

129 2285 225 2338 uaso,
252 2271 311 2328 imo
327 2271 470 2326 celcsneo
491 2277 598 2328 nostro
615 2267 784 2324 insidieriss
811 2273 961 2336 agrestem
977 2263 1058 2318 hauc
1077 2271 1109 2316 et
1131 2275 1189 2334 ιι.Ι

127 2347 286 2422 'ternosam
315 2375 397 2422 tuem
433 2365 624 2440 prudentiam
658 2363 688 2420 in
720 2376 840 2441 crassos
868 2367 939 2430 tuos
972 2355 1186 2428 consophistas

129 2459 232 2514 ludas.
327 2454 331 2460 ’
864 2440 867 2458 '

198 2553 324 2610 Interim
351 2563 418 2611 esto
448 2554 496 2610 vir
526 2554 615 2610 fortis
639 2560 670 2608 et
696 2551 854 2621 accingere
882 2547 980 2619 gladio
1007 2553 1062 2602 tuo
1094 2557 1204 2613 super,
1253 2567 1257 2580 ·

128 2651 231 2706 femur
259 2657 343 2706 tuum
365 2647 585 2722 potentissime.
630 2645 799 2720 Postquam
831 2643 911 2699 enim
937 2655 994 2711 pro
1027 2653 1102 2710 pecc
1134 2644 1187 2704 tna

118 2743 279 2800 -medietor
301 2745 435 2812 ingratus
458 2744 526 2812 fni,
553 2742 679 2816 placebo
708 2741 837 2795 fortasse
863 2739 1071 2791 concertator.
1113 2727 1187 2783 Non
1225 2764 1227 2776 .

128 2839 214 2911 qnod
245 2839 369 2895 vincere
397 2839 629 2910 proposuerim,
661 2836 715 2891 sed
738 2833 822 2906 quod
855 2833 926 2902 pcs't
951 2824 1098 2880 victorias
1121 2831 1186 2886 tuas

127 2933 342 2998 Pannonicas,
367 2932 632 3004 Longobardicos‚
658 2928 832 3002 anouricss
864 2919 982 2993 (modo
1003 2917 1059 2974 tibi
1084 2915 1188 2972 crede.

126 3031 221 3098 mm)
240 3029 364 3086 occasio
380 3028 435 3084 tibi
453 3027 520 3086 fiam
540 3025 694 3082 obtineodl
714 3018 866 3086 nominis,
883 3031 945 3088 quo
969 3023 1000 3069 et
1019 3009 1187 3068 Saronicus
1217 3085 1222 3100 ι
1313 3065 1319 3074 ,

129 3133 164 3182 et
183 3125 337 3182 Misnicus
361 3121 579 3196 triumphator,
601 3107 635 3174 nc
656 3118 680 3172 si
703 3115 811 3182 noles,
828 3125 949 3183 semper
962 3109 1188 3192 Augustusne.
1220 3109 1223 3116 “

130 3219 241 3275 luteris
268 3219 298 3274 in
328 3229 491 3287 eternum,
517 3235 552 3272 sc
571 3217 616 3274 sic
638 3212 766 3282 gloriam
786 3209 926 3279 adeptus,
944 3203 1082 3278 quiescas
1098 3200 1187 3272 juxta

130 3313 269 3383 magistri
292 3315 336 3370 tui
361 3313 559 3370 sententiatos
594 3305 754 3366 Habitibus
773 3298 972 3378 existentibus
992 3293 1023 3352 in
1043 3293 1189 3360 materis,

131 3419 236 3466 assat
254 3418 367 3468 motus.
403 3407 583 3480 Quanquam
602 3401 742 3470 mollem,
760 3399 795 3454 itt
813 3403 986 3454 monstrum
996 3433 1007 3463 ,
1026 3389 1108 3463 quod
1124 3387 1188 3460 jam

133 3505 186 3560 diu
210 3505 239 3559 in
262 3519 310 3578 me
331 3503 400 3573 siis,
427 3512 457 3559 et
484 3500 566 3574 quod
587 3508 618 3554 te
636 3484 714 3554 mule
731 3494 841 3562 hebet,
866 3487 1024 3562 aliquando
1046 3497 1189 3564 peterse,

134 3609 327 3666 stammas,
348 3597 457 3670 quibus
474 3591 650 3653 stomachus
667 3601 737 3661 tuus
756 3587 960 3662 periclitetur,
978 3581 1099 3640 tandem
1117 3594 1193 3636 ero.

133 3707 238 3748 meres
256 3691 286 3746 in
304 3690 478 3764 publicum,
503 3689 654 3760 minisque
677 3687 735 3744 illis
761 3685 822 3742 tuis
843 3679 976 3742 basilicis
1000 3685 1032 3735 et
1051 3671 1191 3750 gloriosis
1250 3713 1256 3723 .

134 3805 192 3862 per
210 3787 311 3844 omnis
327 3785 418 3841 duem
436 3787 621 3857 imponeres.
1118 3777 1122 3788 '

177 4051 223 4129 b)
250 4069 497 4148 mormandum.
