2760 4556
571 332 669 398 'tate
1003 400 1005 406 ,
1092 285 1176 406 133,κ

96 491 218 560 aufert,
243 488 306 546 aiot
325 485 439 558 *ablata
472 489 501 544 ai
519 500 636 560 servat,
666 491 726 548 sint
746 485 936 548 servatas‘et
955 507 1067 552 nomen
1087 497 1154 569 ejus

95 595 238 669 emotum
254 595 287 642 st
305 583 499 640 benedictum
516 585 692 653 insaecula,
711 585 821 641 Amen.

109 695 110 700 ¹
166 679 233 763 Ego
250 678 350 738 adhuc
364 695 425 734 nou
442 679 516 736 satis
530 679 639 749 video,
656 690 715 752 qua·
733 681 780 736 via
796 681 911 754 possim
927 697 1071 740 censuras
1089 682 1155 740 illas

93 775 259 830 intentatas
277 774 429 842 evadere,
459 773 515 830 uisi
535 773 684 846 Princeps
703 775 815 832 auxilio
834 775 910 832 milri
930 773 1028 833 ludrit·
1073 777 1155 834 ilar.

94 886 163 926 amn
179 870 279 926 multo
298 869 394 939 magis
414 867 524 924 vellem
546 869 576 925 in
597 869 732 926 censuris
755 877 903 941 perpetuo
925 887 1035 941 agere,
1062 859 1167 946 quam‘

92 961 271 1036 Principem
298 964 359 1020 mei
385 979 475 1020 causa
502 963 575 1036 quid
600 964 686 1020 malas
714 964 864 1036 opinionis
891 965 1057 1022 incarrere.
1102 965 1154 1020 Τιι

95 1074 185 1130 ergo,
205 1043 358 1128 sicut'me
372 1057 586 1130 prineobtuli,
605 1059 646 1116 ita
668 1059 767 1115 adhuc
785 1074 835 1112 me
859 1057 996 1116 oblatum
1014 1069 1044 1116 et
1061 1059 1154 1116 crede
1210 1081 1213 1098 ·

94 1161 124 1208 et
144 1153 316 1224 persuade,
342 1153 453 1226 qulbus
472 1153 606 1210 volueris
625 1161 675 1208 aut
693 1151 748 1208 tibi
767 1151 866 1208 visum
888 1153 989 1229 fuerit.
1031 1153 1157 1210 Haereti.

93 1262 147 1302 cua
168 1263 328 1320 nunquam
348 1264 421 1317 ero,
437 1265 552 1326 „errare
574 1249 751 1322 disputando
774 1263 918 1320 possum:
946 1247 1000 1304 sed
1021 1257 1155 1304 statuere

92 1339 167 1396 nicil
187 1341 285 1412 volo,
310 1359 405 1414 porro
423 1360 479 1400 neo
498 1342 690 1416 opinionibus
707 1342 869 1400 hominum
888 1343 1024 1414 captivus
1043 1341 1119 1398 fieri.

162 1435 198 1491 id
220 1437 321 1492 visum
354 1447 400 1494 est
419 1439 533 1495 amicis*
547 1437 661 1496 nostris
685 1448 750 1494 tum
771 1437 870 1494 doctis
894 1446 960 1493 tum
979 1435 1058 1492 bene
1081 1451 1157 1492 con.

93 1529 284 1600 calentibus,
322 1539 358 1586 ut
390 1548 447 1602 ego
479 1533 556 1606 apud
588 1528 763 1604 Principem
794 1539 935 1588 nostrum
966 1531 1155 1586 Fridericum

93 1623 247 1694 postulem
271 1625 389 1681 salvum
416 1626 471 1694 (ut
491 1629 626 1695 vocant)
653 1627 841 1684 conductum
865 1641 1032 1699 persuum
1058 1623 1158 1682 domi.

94 1717 186 1774 nium.
223 1718 319 1795 Quod
335 1719 387 1775 ubi
406 1719 480 1777 mihi
500 1722 672 1792 negaverit,
688 1723 768 1780 sicut
785 1722 850 1778 scio
870 1721 944 1777 imin
964 1721 1156 1790 negaturum,

91 1811 258 1883 justissima
279 1815 372 1872 fuerit
388 1813 463 1872 mihi
484 1817 626 1890 exceptio
647 1825 679 1872 et
697 1817 856 1872 excusatio
878 1829 940 1872 non
960 1811 1156 1887 comparendi

95 1905 254 1975 iniloma
284 1907 351 1975 (sic
377 1909 456 1978 enim
485 1909 682 1982 loquuntur).
730 1909 759 1967 Si
791 1925 865 1978 ergo
900 1904 994 1964 velles
1025 1916 1055 1962 et
1085 1919 1156 1962 meo

96 2001 216 2058 nomine
239 2003 317 2076 apud
345 2003 584 2060 illustrissimum
613 2003 788 2075 Principem
815 2003 994 2074 impetrares
1025 1999 1158 2071 rescrip-

95 2103 180 2166 tum,
205 2113 268 2169 quo
292 2088 369 2170 'milri
398 2098 517 2156 salvum
545 2095 733 2153 conductum
761 2105 906 2166 negaret,
932 2103 964 2150 et
989 2109 1059 2148 meo
1082 2091 1158 2148 mihi
1254 2144 1256 2153 ,

97 2190 232 2260 periculo
249 2191 467 2262 committeret,
486 2191 511 2250 si
530 2191 639 2248 vellem
655 2191 717 2248 ire:
736 2193 851 2264 optime
869 2189 944 2246 mihi
963 2187 1158 2245 consuleres:

98 2291 131 2338 at
146 2283 199 2339 hic
219 2295 335 2340 mature
360 2286 444 2341 facto
467 2301 544 2360 opus
564 2294 628 2356 eat,
648 2285 827 2342 accelerant
847 2285 929 2368 dies,
955 2293 987 2342 et
1005 2282 1160 2354 diaspra.

98 2373 177 2432 lixua
199 2378 393 2452 propinquat,
418 2388 450 2436 et
471 2396 529 2437 nos
552 2385 635 2438 terra
660 2381 755 2438 nimio
783 2389 903 2454 separat
917 2377 957 2450 a)
986 2385 1016 2436 et
1037 2377 1160 2448 negotia

97 2467 263 2540 impediunt
278 2468 325 2541 ⁸).
355 2539 359 2548 ι

160 2561 258 2620 Mitto
277 2568 479 2625 resolutiones
495 2585 633 2628 mearum
653 2569 915 2642 propositionum,
939 2567 993 2624 aed
1013 2565 1159 2620 mendose
1223 2599 1227 2604 -
1266 2549 1276 2568 ⁸

99 2658 293 2714 excusastis·
311 2657 492 2718 obluitinea
510 2663 658 2736 aliquanta
667 2665 811 2720 absentia.
835 2665 993 2720 Adversus
1008 2660 1162 2726 dialogum

96 2752 328 2822 Silvestrinum‚
358 2755 421 2813 imo
447 2773 505 2812 una
530 2773 601 2814 cum
626 2759 692 2831 ipso
717 2757 838 2826 dialogo
863 2755 1026 2810 excuditur
1050 2738 1160 2821 Lipsiae

95 2849 253 2920 responsio
282 2865 366 2917 mea,
394 2865 485 2922 quam
510 2860 542 2907 et
571 2850 658 2906 brevi
687 2853 724 2906 ad
753 2858 783 2906 ts
802 2835 937 2904 mittam.
976 2845 1078 2902 Doleo
1102 2859 1160 2912 ego

95 2941 294 2998 vehementer
314 2959 418 3000 meum
438 2959 550 3000 nomen
575 2951 605 3001 et
623 2945 780 3013 negotium
803 2939 968 3008 intantum
989 2937 1161 2994 ascendisse

96 3047 125 3091 et
142 3037 299 3114 crevisse,
318 3025 461 3096 uetantia
484 3037 574 3094 etiam
592 3037 789 3112 Principibus
806 3037 960 3105 negotium
980 3033 1095 3116 lactum
1110 3030 1159 3093 sit,
1183 3037 1188 3051 '
1246 3059 1251 3068 ·

95 3129 177 3186 etde
197 3147 249 3185 me
268 3131 478 3186 sordidissimo
503 3131 710 3188 homuncione
730 3137 811 3184 tanta
834 3135 992 3184 tantorum
1013 3121 1162 3180 luminum

95 3225 223 3281 claritas.
236 3233 373 3281 tractet:
402 3227 637 3282 contemtionem
660 3242 709 3280 me
729 3223 898 3280 arbitrabar
918 3223 987 3278 fore
998 3264 1010 3295 ,
1036 3233 1164 3292 praesen.

94 3325 144 3374 trin
168 3319 408 3392 disputatorem,
433 3337 524 3394 quam
551 3327 585 3376 ut
610 3321 669 3375 mei
691 3320 824 3388 similes,
852 3319 964 3373 nedum
986 3315 1160 3370 mediocres
1233 3377 1241 3398 Ι,

95 3428 334 3470 commoverem.
370 3413 444 3470 Vale
464 3417 495 3472 in
516 3410 546 3472 D
572 3415 655 3470 mino
673 3431 805 3486 semper.
831 3409 1075 3478 Wittembergae‚
1093 3404 1162 3462 aab·

95 3503 187 3563 bathe
206 3489 324 3562 octava
340 3509 548 3566 Assumt‘ionis
571 3509 617 3568 D.
635 3508 762 3577 Mariae,
787 3522 865 3562 anno
886 3498 1071 3560 nlnxvllr.

443 3602 478 3657 F.
496 3603 651 3658 Martinus
670 3602 885 3662 lilmthcrlum
909 3593 1158 3664 Augustinianus.

158 3737 197 3794 id
217 3745 319 3794 autem
336 3738 505 3796 curandum
522 3753 646 3826 quoquc
662 3731 808 3804 suadent,
827 3743 862 3790 ut
882 3732 985 3790 datum
1003 3733 1160 3788 literarum
1186 3757 1187 3761 =

146 3975 176 4021 al
206 3971 281 4018 cod*
296 3971 495 4032 len-impedit.

110 4050 305 4078 ¹·--—-e-

146 4099 176 4153 *i
204 4098 257 4149 iore
276 4097 387 4152 surdelt
405 4101 456 4148 uns
472 4101 522 4154 sa.
535 4104 617 4150 nassa
632 4095 688 4152 aaut
708 4097 736 4146 lt
752 4097 889 4152 uectium
915 4061 917 4064 Ι

325 4358 335 4388 l
