2756 4558
431 383 433 390 ι
503 375 511 404 .
567 337 658 408 1⁵19.

85 495 234 558 obnoxie.
271 495 345 570 Quo
361 497 412 564 fit,
430 487 571 554 ut'bonae
591 495 685 552 literae
705 501 736 550 et
758 492 881 550 omnino
900 509 951 562 ee,
971 509 1036 568 qun
1057 497 1139 570 inge.

83 597 137 650 nio
162 606 194 650 et
221 581 390 648 eruditione
413 601 572 660 constant,
602 605 673 651 cum
698 589 780 657 sint,
814 591 878 644 sine
908 595 1141 664 controversie,

84 691 222 761 optime,
253 699 284 744 et
312 689 429 760 optimo
459 703 493 742 nc
523 685 664 758 peculiari
699 683 832 740 hominis
860 683 1016 752 offici02),
1036 689 1139 765 iligna,

84 801 149 840 non
173 795 280 854 pssum
300 782 449 850 indigeant
468 779 686 835 Mecasnatibus
705 787 734 832 et
746 779 900 848 *Augustis
921 781 1002 851 suis,
1028 789 1091 838 tum
1109 791 1140 840 et

84 875 266 946 Ulyssibus,
294 876 345 947 qui
370 873 530 930 Thersites
554 875 630 941 istos
655 851 777 944 sceptro
803 874 973 955 percutient
993 874 1141 935 eburneo.
1253 917 1256 928 .

87 969 280 1045 Quibusdam
306 978 336 1026 et
357 969 423 1024 baec
441 969 630 1040 nuncupandi
648 967 726 1022 ratio
746 976 814 1035 est,
845 977 879 1023 ut
902 969 1032 1027 nominis
1055 981 1142 1026 oster.

86 1065 184 1118 nitate
213 1064 326 1118 donent
356 1061 494 1132 famaque
518 1061 673 1118 celebrent
703 1077 782 1130 eos,
801 1061 847 1142 etl
881 1077 958 1134 quos
985 1065 1147 1140 scribunt,

85 1157 151 1214 boc
179 1157 269 1214 simul
292 1163 487 1229 spectantes,
515 1170 576 1226 quo
601 1149 748 1227 posteros
775 1155 909 1226 ejusdem
933 1157 1052 1214 virtutis
1079 1159 1142 1216 ani.

23 1306 29 1320 ,
86 1257 173 1308 ment
191 1259 403 1329 exacuensque
418 1249 580 1320 exemplo,
596 1249 679 1321 quod
695 1249 825 1306 laudant.
852 1249 1012 1308 Nonnullis
1030 1269 1142 1325 scopus

89 1347 116 1403 is
137 1356 201 1414 est,
229 1354 264 1400 ut
286 1344 511 1414 gratificentur,
530 1349 561 1398 el
579 1353 734 1414 utcunque
751 1343 849 1400 vicem
866 1345 1030 1416 rependant
1050 1345 1144 1401 bene.

66 1439 170 1508 'ficii,
196 1447 401 1510 testatumque
427 1438 596 1510 relinquent
621 1446 741 1507 gratum
764 1437 896 1494 animum
914 1439 969 1507 iis,
992 1456 1007 1494 ι
1031 1439 1143 1512 quibus
1182 1499 1187 1526 ,

91 1545 162 1590 suut
179 1533 258 1588 bene
277 1530 404 1602 accepti.

159 1625 241 1683 Mihi
259 1643 354 1696 sero,
372 1625 571 1682 illustrissime
587 1625 753 1697 Princeps,
770 1627 849 1684 nulla
867 1625 974 1684 harum
992 1627 1144 1698 eutipnum

93 1722 235 1794 suppetit.
269 1720 424 1782 Primum,
452 1721 520 1792 quia
544 1735 605 1775 non
626 1721 762 1810 ignorem
788 1722 856 1776 tolia
876 1738 939 1776 non
962 1737 1049 1784 esse,
1078 1737 1146 1792 quo

93 1816 226 1884 molior,
248 1825 283 1870 ut
301 1823 462 1886 patronum
481 1823 675 1882 mereantur,
701 1824 731 1869 et
749 1815 778 1869 in
794 1815 853 1870 hac
867 1825 951 1888 parte
970 1832 1030 1870 non
1048 1813 1147 1868 infeli.

94 1910 172 1966 citer
191 1907 315 1970 habeo,
335 1908 417 1979 quod
434 1906 512 1962 hanc
531 1909 637 1964 saltem
657 1909 806 1964 inscitiam
824 1923 922 1971 meum
943 1923 1005 1962 uon
1025 1908 1144 1976 ignoro.

95 2001 189 2077 Quod
206 2005 231 2058 si
246 2001 282 2068 b)
313 2001 444 2056 iitaxlme
468 2009 609 2072 praestate
636 2019 782 2074 possem,
810 2004 892 2074 quod
922 1977 1146 2074 nuncupatione

93 2099 218 2168 dignum
238 2104 333 2163 esset,
364 2111 464 2166 nequo
486 2095 531 2149 sic
555 2097 660 2152 anxlus
683 2113 749 2152 esse
770 2097 898 2164 vellem,
930 2112 991 2168 quo
1016 2107 1145 2168 patrono

94 2201 280 2248 servaretur.
316 2189 399 2264 Quin
415 2199 576 2260 postquem
596 2207 612 2244 e
630 2192 724 2264 capris
744 2189 839 2246 literis
857 2190 967 2258 didici,
995 2207 1083 2261 quom
1106 2189 1147 2245 sit

96 2301 149 2340 res
173 2293 291 2340 terrore
312 2293 342 2340 et
361 2283 503 2355 periculis
524 2283 609 2354 plena
628 2285 657 2340 in
677 2283 815 2340 Ecclesia
838 2285 898 2340 Dei
919 2301 1045 2348 sonare.
1064 2294 1094 2338 et
1113 2285 1148 2338 ln

99 2395 211 2436 eorum
231 2379 326 2434 medio
357 2378 464 2449 loqui,
499 2393 577 2448 quos
610 2379 751 2434 scissio
775 2380 941 2436 novissimo
966 2381 1072 2448 judicii
1098 2381 1147 2436 die
1250 2387 1253 2396 “

95 2473 217 2544 judices
231 2483 297 2528 tuos
315 2473 434 2539 futuros
443 2508 453 2538 ‚
472 2469 564 2541 (nam
583 2471 642 2526 bos
658 2483 818 2544 praesentes
838 2475 1070 2530 calumniatores
1085 2464 1150 2530 tlon

97 2569 140 2622 ite
169 2568 313 2634 metuo),
344 2563 482 2638 etquc⁰)
513 2575 659 2636 prasente
685 2567 857 2638 inspectore
890 2570 1147 2636 omnium'Deo,

96 2659 302 2732 spectantibus
336 2660 485 2730 Angelis,
527 2659 697 2716 videntibus
731 2671 761 2718 et
798 2663 987 2718 audientibus
1027 2663 1147 2719 cunctis

96 2756 262 2823 creaturis,
294 2763 324 2810 et
345 2755 381 2810 nd
406 2754 533 2812 verbum
552 2753 612 2808 Dei
636 2770 726 2846 putes
750 2753 949 2822 serigentibus
972 2753 1045 2817 (sic
1067 2755 1153 2810 enim‘
1188 2801 1192 2814 .

97 2858 147 2904 eet
164 2833 234 2903 last*⁵
243 2848 257 2915 )
285 2849 429 2917 credere,
455 2848 555 2903 omnia
580 2849 714 2902 revereri
734 2847 861 2902 veebum
882 2847 959 2912 Dei,
985 2863 1041 2920 per
1065 2849 1148 2917 quod

94 2943 282 3008 factasunt,
301 2941 632 3014 praeterhominemet
653 2940 827 3007 diabolum,
846 2941 897 3009 qui
921 2955 974 3010 pen
993 2940 1149 3009 ingratitu.

95 3038 199 3092 clinem
221 3035 486 3102 obsurduerunt):
510 3034 585 3092 nihil
606 3035 746 3104 prolecto
767 3033 861 3100 nitigis
880 3033 1027 3102 optarim.
1058 3051 1148 3104 quam
1239 3051 1241 3059 ·

94 3131 274 3189 silentium.
302 3139 367 3186 tum
390 3129 551 3194 omuibus,
574 3143 639 3198 qun
659 3141 791 3198 unquam
819 3125 953 3194 cutinei,
982 3129 1147 3197 spongiam.

94 3225 226 3281 Durum
239 3235 286 3280 est
302 3220 363 3292 e)
357 3233 387 3280 et
405 3223 593 3279 horrendum
607 3221 678 3276 Deo
696 3220 822 3274 redilere
841 3220 990 3274 rationem
1011 3222 1047 3276 de
1065 3223 1147 3279 omni

95 3320 202 3374 otioso
221 3315 330 3373 verbo.
365 3315 475 3388 Neque
496 3317 575 3370 enisu
598 3330 646 3368 me
667 3313 697 3368 in
718 3309 817 3390 officio
838 3313 922 3368 verbi
943 3314 1072 3383 retinet,
1091 3315 1147 3371 nisi

96 3413 223 3484 alietate,
253 3412 315 3467 imo
338 3411 442 3468 divinae
468 3409 632 3468 voluntatis
659 3407 850 3466 obedientia.
875 3423 942 3465 mea
971 3409 1145 3476 voluntate,

79 3732 82 3738 .
153 3701 186 3748 e)
215 3693 491 3754 Autogmffibout.

153 3775 187 3823 b>
214 3774 381 3832 Aul-qum

152 3856 187 3904 e)
214 3851 333 3903 lut-iu.

154 3933 187 3983 tl)
215 3929 361 3979 Mosen.

154 4016 185 4062 s)
216 4011 236 4057 Α
263 4021 358 4058 -ιιι,

139 4098 142 4107 “
183 4091 256 4173 ΞΜ.
277 4087 308 4163 1.
