2686 4558
208 321 268 392 lit
694 319 786 386 tent.

153 487 156 494 ’
209 482 345 547 murdro
363 481 472 556 ptoqroe
497 477 578 536 Viro
585 518 597 552 ,
615 425 752 537 Domine
772 425 908 556 Georgia
927 477 1113 550 Spoletina,
1132 479 1155 536 ἃ
1174 482 1276 536 sm

278 579 439 650 Principis
454 575 598 633 saxonia
611 575 785 642 Eledoris,
802 590 858 632 suo
871 575 905 632 in
920 573 1057 634 Domum
1074 574 1277 632 ulturum.

653 727 827 786 Jerus.

207 861 361 955 Salutem.
396 893 650 968 Veldegoudeo„
672 908 723 948 me
745 891 998 961 onusuoribeudi
1025 902 1137 949 contra
1161 892 1276 948 Alvelrl

151 1009 161 1042 ·.
207 993 330 1051 nomine
353 991 456 1048 fratris
475 991 534 1045 mei
553 987 730 1045 instituisse.
767 967 957 1044 Vicit'homo
980 988 1089 1058 ingenii
1106 989 1170 1044 mei
1197 991 1277 1046 viret

209 1090 299 1145 etiarn
317 1083 616 1159 incomparabiliter,
640 1093 674 1138 ut
692 1082 813 1139 ruditati
829 1083 897 1153 ujus
915 1099 977 1138 non
996 1081 1169 1154 potuissem
1190 1084 1278 1153 digna

197 1201 369 1259 seponere.
407 1182 474 1240 Nec
499 1161 578 1250 vidi,
601 1195 659 1234 nec
680 1178 881 1252 audivi,=nec
903 1177 960 1247 legi
988 1175 1103 1234 librum
1130 1179 1279 1258 omnibus

207 1279 247 1336 ita
270 1277 389 1350 syllabis
409 1275 574 1344 insulsum,
593 1274 737 1330 stultum:
764 1271 902 1328 breviter
920 1272 1043 1330 nomina
1063 1274 1200 1344 desunt,
1220 1290 1277 1344 quo

207 1377 326 1429 censeri
347 1371 452 1444 possit.
488 1351 757 1440 Hodiecomplevi
779 1368 963 1437 signatores,
983 1383 1058 1440 quus
1079 1367 1171 1424 lratri
1192 1370 1278 1436 dedi,

206 1481 242 1524 ut
263 1469 377 1537 redigat
400 1470 429 1523 in
447 1466 592 1533 formem,
613 1461 762 1536 brevique
780 1446 1097 1547 obuolutum-Itidem
1121 1469 1155 1518 et
1173 1479 1277 1519 sermo

207 1561 250 1618 de
271 1563 414 1636 operibus
436 1549 571 1628 linietur,
591 1573 703 1632 spero,
721 1555 820 1612 brevi.
897 1559 903 1566 '

276 1657 339 1712 Pro
362 1655 504 1728 Principe
526 1635 684 1709 orabitur:
703 1651 796 1708 modo
817 1667 855 1706 ne
874 1652 904 1708 in
923 1660 1045 1710 nostrus
1064 1653 1229 1710 confidere
1248 1663 1277 1710 tu

74 1788 99 1824 .,
207 1735 332 1824 incipias
350 1745 521 1820 orationes,
547 1747 649 1804 sedin
667 1745 727 1802 Dei
747 1747 953 1820 promittentis
974 1744 1138 1804 orantibus
1158 1747 1277 1805 bonite.

208 1855 289 1906 tem:
308 1859 478 1918 speroque,
494 1842 647 1900 Dominus
666 1857 737 1898 eum
759 1841 868 1906 uobis,
891 1843 953 1898 imo
975 1841 1033 1899 sibi
1054 1844 1085 1899 in
1105 1843 1160 1900 bis
1185 1847 1275 1901 muris

208 1935 354 2012 servibit.
389 1939 551 2006 Miltitium
570 1937 760 1994 Misnensem
782 1947 814 1994 et
833 1937 907 1994 alios
928 1954 990 1994 non
1009 1955 1141 1996 moror:
1171 1941 1274 1996 vellem

209 2053 317 2105 omnes
346 2045 491 2108 tyrannos
518 2031 625 2089 llcmae
652 2049 719 2089 esee
739 2033 816 2089 male
833 2049 972 2102 securos,
994 2041 1028 2090 ut
1053 2033 1222 2106 aliquando
1246 2051 1273 2091 se

208 2131 352 2188 homiues
367 2145 455 2197 esse,
474 2127 525 2201 qui
544 2127 648 2184 Deum
664 2126 806 2198 habeant,
823 2137 1058 2199 cognoscerent.
1076 2129 1152 2185 Scio
1165 2127 1274 2187 Lucum

110 2261 114 2268 -
208 2223 327 2280 habere
344 2224 489 2296 pnnnum‘,
504 2223 558 2279 sed
578 2223 733 2292 nescium,
755 2224 804 2282 cui
823 2223 941 2292 debeat,
957 2240 1016 2279 nec
1039 2241 1099 2294 ego
1114 2226 1272 2298 postulavi.

208 2317 278 2374 Vidi
298 2327 329 2374 et
348 2317 523 2388 undulatos,
551 2335 609 2373 nec
629 2317 781 2384 hascoit,
810 2319 858 2375 cui
884 2318 1014 2375 debeant
1035 2335 1097 2375 nec
1122 2321 1273 2392 postutare

210 2421 302 2468 sunt:
335 2427 372 2466 ne
395 2411 478 2467 forto
501 2427 591 2467 error
611 2411 713 2480 lieret,
739 2412 764 2468 si
788 2423 820 2468 et
841 2415 905 2472 eliis
931 2415 1037 2470 endem
1067 2425 1155 2471 emta
1179 2421 1274 2472 ment

209 2487 303 2564 Forte
321 2507 469 2570 hodieud
487 2521 544 2562 vos
563 2515 713 2562 venerunt
733 2507 845 2564 omnia.

280 2601 379 2659 Habui
395 2609 462 2657 ante
480 2599 607 2655 biduum
624 2599 764 2656 nuntium
779 2619 820 2658 ex
832 2603 979 2660 silvestro
994 2605 1032 2660 de
1046 2603 1270 2674 Schauenberg,

210 2697 306 2754 nobili
326 2697 467 2766 Franco,
494 2697 581 2767 cujus
602 2704 633 2752 et
649 2695 776 2754 filiolum
798 2699 851 2754 hic
869 2698 1011 2771 Philippo
1028 2699 1273 2768 commonuerit,

211 2793 410 2867 promittente
430 2791 734 2862 securamtutelarn,
761 2791 787 2848 si
808 2809 933 2866 quoquo
956 2793 1050 2850 modo
1067 2791 1104 2865 ²)
1132 2777 1274 2868 Princeps

211 2887 273 2944 mei
294 2903 383 2944 ceusu
403 2887 638 2961 periclitaretur.
676 2887 770 2962 Quod
790 2896 825 2942 ut
849 2905 912 2944 nou
937 2897 1131 2960 contemno,
1150 2891 1191 2946 itu
1208 2889 1272 2944 nolo

211 2981 269 3040 uisi
297 2981 429 3066 Christox
441 2991 619 3055 protectore
644 2983 710 3053 uiti,
736 2981 788 3055 qui
811 2981 889 3038 forte
918 2990 948 3038 et
973 2983 1056 3038 huuc
1085 2985 1114 3040 ei
1141 2967 1273 3055 spiritum

213 3077 306 3134 dedit.
356 3075 430 3134 vde
458 3077 490 3134 in
513 3078 664 3138 Domino.
707 3079 871 3134 Dominica
900 3077 1017 3134 Vocem
1046 3078 1274 3146 Jucudtruis,

213 3187 294 3232 anuo
312 3165 453 3230 Muxx.

779 3267 933 3326 Martinus
952 3267 1132 3339 Luthems,
1152 3271 1276 3338 August.

250 3529 254 3544 ¹
273 3565 305 3614 e>
333 3529 405 3613 cod.
419 3560 488 3615 Jeu.
502 3562 635 3620 quomodo.

488 3841 1018 3866 mma—unauna*
