2686 4560
530 301 620 404 1523.
1044 337 1105 409 393

55 489 218 552 irrcrictut
245 486 417 559 discedere,
443 495 586 563 totaque,
612 497 646 547 nt
673 491 753 561 dixi,
786 496 994 552 coutroversla
1016 497 1045 552 in
1068 517 1105 556 eo

54 589 169 658 luerit,
188 589 270 661 quod
287 585 431 644 articulos
448 601 612 654 erroneos,
631 601 708 657 quos
724 587 754 644 iu
770 586 878 644 libellis
894 592 968 646 meis
980 591 1105 660 jactant,

54 701 113 757 per
134 683 301 756 Scripturas
319 692 437 738 sanctas
458 695 519 736 non
540 674 653 752 placuit
671 682 845 750 revincere,
871 701 928 738 nec
955 700 1038 756 spent
1065 687 1111 741 la.

56 792 130 830 cera
149 785 201 830 aut
220 775 415 847 promittere,
435 773 592 846 aliquando
612 773 679 828 lore
690 813 699 842 ,
724 785 758 832 ut
778 775 949 831 libellorum
968 794 1106 834 meorum

58 885 188 926 examen
212 877 243 924 at
263 869 395 938 cognitio
416 865 615 940 perverbum
637 867 697 926 Dei
718 879 933 941 perageretur:
958 869 1110 928 nihilumi.
1199 899 1203 911 ι
1284 893 1289 906 i

55 981 116 1021 uus
149 964 179 1020 S.
208 963 363 1034 Majestati
390 971 448 1018 tuae
475 964 583 1034 gratias
608 979 663 1032 ago
693 979 783 1035 quam
809 965 998 1032 humillime,
1027 967 1110 1038 quod
1157 965 1159 970 ’
1259 977 1267 985 “

56 1057 150 1114 fidem
170 1057 321 1128 publicam
346 1065 377 1112 et
400 1042 578 1112 wormatia
602 1071 724 1112 strenue
743 1059 889 1126 servarit,
917 1061 1126 1140 servandam„

57 1169 119 1225 que
136 1147 232 1225 usque
250 1153 287 1208 ad
305 1163 444 1217 securam
461 1167 560 1206 meam
574 1153 761 1209 mansionem
778 1154 990 1224 spoponderit:
1011 1153 1109 1210 denuc
1152 1131 1156 1188 ’-

56 1247 91 1304 8.
117 1245 314 1317 Majestatem
344 1255 427 1302 tuam
451 1231 506 1318 per
531 1234 687 1304 Christum
714 1245 900 1314 obsecrans,
920 1263 958 1301 ne
982 1248 1112 1318 patiatur

62 1356 115 1396 me
146 1355 201 1412 per
232 1339 420 1396 adversarios
442 1340 569 1411 opprimi
582 1352 601 1410 ,'
628 1343 686 1397 vim
716 1343 776 1413 pati
797 1349 828 1397 et
851 1343 1002 1408 damnari,
1030 1357 1107 1418 ,cum

57 1435 153 1492 toties
187 1449 236 1490 mc
267 1435 332 1505 jam
363 1435 545 1497 obtulerim,
573 1435 652 1492 siout
682 1434 880 1492 christianum
908 1443 938 1490 et
966 1433 1113 1490 obedien.

36 1517 121 1585 ‘tem
139 1527 294 1584 hominem
312 1530 409 1584 decet·
445 1527 656 1584 Paratissimus
678 1529 758 1584 enim
774 1543 841 1585 sum
861 1529 959 1584 adhuc
980 1529 1036 1584 sub
1058 1527 1115 1582 lide

58 1624 92 1678 8.
113 1621 284 1693 Majeatatie
307 1610 489 1678 tusscorum
512 1623 666 1692 judicibus
689 1639 751 1678 non
776 1623 946 1694 suspectis,
974 1619 1116 1688 eruditis,

58 1715 181 1785 liberis,
209 1723 270 1773 tam
293 1715 427 1788 profanis
446 1729 536 1786 quarn
555 1717 770 1772 ecclesiasticis
796 1717 883 1782 sisti,
911 1732 972 1785 qno
997 1733 1051 1784 per
1085 1715 1114 1772 8.

59 1809 257 1881 Maiestatem
280 1817 379 1879 tuam,
402 1827 458 1883 per
481 1811 598 1883 imperii
626 1798 778 1876 Ordines,
806 1822 860 1879 par
883 1807 1032 1872 concilia,
1060 1822 1117 1876 per

59 1905 226 1973 doctores,
244 1903 308 1960 sive
329 1904 500 1977 quicunque
518 1903 615 1974 possit
635 1917 670 1956 ac
689 1901 762 1955 velit
783 1903 895 1958 docere
909 1899 965 1970 11),
984 1898 1119 1954 libellos.

59 2007 123 2072 que
138 2009 225 2056 meos
241 2008 272 2054 et
289 1999 427 2068 dogmata
446 1997 587 2052 omnibus
608 1993 806 2052 libentissime
822 1993 1022 2060 submittere,
1046 2005 1120 2046 exa.

59 2108 135 2149 men
157 2091 354 2164 et'judicium
379 2091 527 2148 sustinere
550 2083 785 2160 atucceptarei
817 2087 895 2144 nulla
926 2104 959 2141 re
992 2101 1118 2156 prorsus

64 2194 214 2262 excepta,
238 2187 296 2243 nisi
315 2187 383 2242 solo
401 2185 497 2240 verbo
520 2183 599 2255 Dei,
627 2195 750 2256 aperto,
775 2183 858 2256 claro
888 2191 917 2262 et
944 2181 1120 2248 liberrimo,
1220 2183 1224 2192 '

62 2284 147 2356 quod
164 2282 275 2339 merito
294 2277 437 2340 omnibus
454 2279 613 2351 superius,
648 2287 679 2335 et
698 2278 834 2334 omnium
851 2275 1009 2332 hominum
1022 2276 1120 2346 judeat

60 2351 242 2449 permanere
259 2375 360 2434 debet.

133 2470 205 2526 llaec
221 2485 283 2528 non
301 2485 368 2526 mea
384 2465 480 2526 'solius
500 2475 608 2537 eausa,
634 2469 684 2540 qui
704 2467 825 2525 nullius,
837 2478 904 2522 sum
929 2463 1038 2535 pretii,
1066 2459 1121 2516 sed

64 2563 161 2622 totius
178 2563 326 2622 Ecclesiae
343 2566 464 2621 nominc
482 2563 656 2636 suppliciter
675 2555 749 2631 oro,
777 2576 843 2630 quaa
862 2559 940 2612 ratio
960 2567 988 2609 et
1006 2555 1103 2609 movit
1110 2572 1138 2622 ,··

66 2669 103 2716 nt
121 2659 175 2716 has
190 2660 295 2716 literas
313 2668 382 2728 post
400 2667 518 2729 tergum
536 2657 732 2714 remitterem.
768 2653 817 2707 Ex
843 2660 910 2705 toto
931 2649 1009 2704 enini
1029 2649 1123 2703 corda·
1192 2651 1204 2658 “

66 2755 100 2810 8.
125 2751 278 2825 MaJ'estati
304 2761 383 2821 tuas,
410 2752 466 2808 toti
485 2753 613 2824 imperio
633 2757 663 2804 et
687 2745 880 2822 nobilissimae
897 2743 1013 2797 nationi
1043 2739 1124 2796 Ger.-

66 2847 201 2905 manicae
217 2863 307 2922 quam
332 2829 445 2918 optime
469 2846 579 2900 vellem
605 2841 795 2900 consultum.
829 2847 859 2892 et
883 2839 912 2892 in
938 2830 1035 2906 gratia
1060 2830 1122 2889 Dei

68 2959 179 3000 omnes
199 2943 316 2999 servari
343 2941 459 2998 felices.
501 2937 570 2994 Nec
600 2937 747 2991 hactenus
778 2931 857 2986 aliud
883 2931 1005 3003 quaesivi
1034 2941 1126 2998 quam

66 3035 197 3108 gloriam
221 3037 281 3110 Dei
309 3045 339 3092 et
364 3047 557 3092 communem
580 3029 716 3086 omniunt
738 3026 886 3085 salutem,
918 3015 1013 3090 nihil,
1043 3011 1127 3092 quod

68 3131 147 3188 mihi
165 3131 238 3188 utile
262 3138 355 3198 esset,
384 3127 578 3184 considerans
598 3123 780 3190 etiamnum,
810 3120 874 3175 sive
893 3115 1055 3174 adversarii
1076 3127 1127 3169 ms
1229 3185 1239 3207 x

69 3219 338 3294 contemnenti),
356 3221 421 3279 sire
439 3221 548 3277 minus.
584 3217 616 3276 Si
633 3219 713 3274 enim
730 3199 936 3282 Dominari>
962 3225 1047 3266 meus
1069 3225 1126 3280 pro
1177 3247 1180 3254 .

67 3321 201 3378 inimicis
220 3321 282 3376 suis
299 3320 330 3376 in
348 3313 575 3400 cruceoravit:
603 3311 828 3384 quantomagis
849 3325 905 3378 ego
931 3319 987 3378 pro
1009 3303 1038 3359 8.
1056 3301 1129 3358 Ma·

63 3415 181 3489 jestate
196 3424 265 3482 tua,
283 3430 339 3486 pro
358 3410 491 3483 imperio
502 3415 591 3477 toto,
607 3415 638 3462 et
660 3405 845 3462 charissimis
864 3402 940 3458 meis
959 3395 1126 3467 maj0ribus

70 3519 202 3584 totaque
233 3505 329 3580 patria
361 3502 545 3570 Germania.
582 3501 622 3558 de
649 3497 758 3572 quibus
787 3513 849 3553 uon
876 3496 935 3552 uisi
967 3490 1080 3564 optime
1095 3483 1128 3554 ¹)

131 3759 162 3816 tn
192 3757 252 3818 stre
266 3753 325 3810 feste
345 3757 420 3807 duat
429 3753 463 3806 ‘tn
477 3757 537 3804 curn
552 3751 645 3806 witru
663 3750 717 3804 aad
731 3751 759 3800 tn
774 3747 814 3798 tn
828 3743 945 3803 masdra
958 3739 1129 3802 uricitanus«
1235 3797 1239 3822 1

131 3839 163 3894 i)
189 3839 239 3886 Ma.
263 3837 367 3894 sirenue
383 3836 515 3884 adrenarii
529 3837 649 3902 thumat-

32 3905 35 3916 '
133 3917 166 3968 a>
195 3915 244 3962 nn.
262 3916 420 3967 ÷cnrntns.
455 3909 458 3919 ·

133 3995 162 4050 l)
190 3991 479 4052 viteudlmptiuta·

163 4073 236 4155 ssli.
258 4066 286 4148 I.
366 4069 369 4076 '
