2686 4560
571 217 667 336 ient
735 369 737 380 Ι
812 307 816 318 -
941 287 943 298 ·
1086 270 1146 342 ιιι
1212 349 1219 358 ,

159 419 243 483 Tum
264 425 383 506 'eliquct
398 423 567 511 ‘Electoree
591 429 752 502 Principes
778 407 1027 502 nitiqui¹imperii
1051 430 1147 490 Ordi.
1200 444 1238 466 Ἰ

78 537 143 578 nee
169 535 290 578 mecum
315 534 460 598 egerunt,
493 535 527 580 nt
550 524 671 582 libellus
695 542 783 582 meos
807 526 836 582 S.
863 513 1086 596 Majntatisf)
1113 537 1146 585 et

79 615 286 690 imperialium
301 619 450 680 Ordiuum
466 621 632 691 cognitioni
649 623 802 694 etjudicio
816 616 1042 687 immitterem,
1061 625 1147 696 quod

84 723 118 770 et
137 713 179 770 D.
198 715 401 771 Canceiinrine
418 715 564 774 Badeneie
582 727 613 774 et
637 717 681 774 D.
698 717 824 773 Doctor
841 716 1041 788 Peutingcrue
1064 719 1146 790 opud

80 823 137 862 me
151 807 382 868 laboraverunt
403 810 499 870 obtuli
518 829 567 870 me
586 813 703 882 denuc,
722 824 756 868 ιιι
773 814 874 886 prius,
894 815 989 870 modo
1003 829 1059 885 per
1075 813 1144 870 lite.

79 919 134 961 rne
153 903 284 974 divinae,
303 915 353 961 aut
371 907 501 964 evidenti
520 908 637 964 rntione
655 909 798 968 docerer.

154 999 291 1056 Tandem
312 1011 413 1057 actum
433 1014 498 1072 est,
526 1011 560 1058 ut
582 1001 697 1076 aliquot
718 1011 888 1081 excerptos
908 1003 1056 1062 articulet
1077 1005 1144 1061 uni.

78 1095 211 1152 vercelis
236 1096 355 1152 concilii
377 1095 494 1168 judicio
523 1098 724 1155 concederem
749 1104 780 1152 et
801 1101 1033 1155 concrederem.
1074 1097 1142 1169 Ego
1192 1105 1195 1113 “

79 1207 178 1260 vero,
206 1192 256 1263 qui
284 1203 405 1264 semper
432 1201 463 1247 et
481 1192 622 1248 omnibus
645 1181 753 1250 etudiie
772 1189 931 1248 humiliter
954 1201 1076 1266 peretur
1098 1195 1144 1252 fui

78 1287 185 1342 omnia
203 1275 305 1341 fucere
323 1297 354 1341 et
371 1287 449 1359 pati,
476 1304 542 1359 quae
559 1289 638 1344 mihi
652 1295 759 1346 eceent
771 1286 943 1360 possibilia,
966 1288 1029 1344 hoc
1047 1303 1142 1346 enum
1262 1258 1294 1305 Ἰ

78 1397 145 1436 nou
168 1381 253 1451 potui
277 1380 433 1451 obtinere,
457 1381 739 1440 christianissimum
763 1383 851 1454 plene
869 1391 995 1457 votum,
1022 1390 1060 1437 ut
1072 1398 1143 1438 ver.
1227 1425 1228 1429 ι

76 1475 157 1530 bum
174 1473 235 1530 Dei
249 1473 324 1532 mihi
340 1475 469 1532 iibcrum
486 1486 516 1533 et
531 1454 676 1548 itiiqatum
694 1487 886 1549 permaneret
899 1477 954 1550 b),
972 1487 1004 1533 et
1021 1475 1142 1534 libellos

76 1572 216 1630 meoeS.
235 1569 407 1642 Mnjeetntie
426 1567 484 1628 tue
499 1571 727 1645 ordinibusque
743 1571 915 1647 Imperiiee
932 1573 1051 1628 ratione
1068 1571 1143 1629 eub.
1180 1601 1183 1608 ·

77 1666 250 1736 mitterem,
282 1667 347 1722 sive
372 1668 463 1723 etiem
487 1667 607 1724 conessii
634 1667 877 1724 determinationi
900 1667 1142 1737 concrederem,

76 1778 120 1816 ne
144 1761 215 1832 quid
233 1761 378 1818 adversus
394 1759 593 1836 Evangelium
609 1759 672 1816 Dei
690 1768 721 1815 et
739 1778 756 1818 e
773 1775 824 1816 me
842 1759 1090 1832 submitteretur,
1108 1769 1146 1856 et¹

76 1853 119 1911 eb
138 1855 196 1912 iiiie
213 1855 400 1914 definiretur.
434 1856 493 1912 Hic
510 1853 568 1910 init
586 1854 806 1910 controversiae
823 1855 918 1910 totius
930 1854 1036 1913 cerdo.

150 1950 231 2006 Nem
252 1950 364 2019 Deue,
392 1951 443 2022 qui
468 1957 623 2006 scrutator
646 1947 837 2016 condiunt)
865 1957 932 2016 eet,
959 1949 1046 2004 testis
1062 1947 1139 2005 mibi

77 2025 159 2114 erit,
187 2059 252 2102 esee
269 2059 320 2100 me
337 2044 578 2118 promrieeimum
596 2042 722 2101 obedire
745 2044 775 2101 S.
793 2041 948 2116 Mejeetnti
971 2051 1048 2112 ture,
1074 2042 1141 2102 eirc

75 2157 136 2216 per
158 2139 273 2209 vitum,
305 2141 370 2196 eive
391 2156 448 2213 per
472 2147 624 2209 mortem,
653 2137 718 2195 eive
737 2154 793 2212 per
818 2137 968 2209 gloriam,
995 2127 1062 2194 'eive
1084 2151 1142 2211 per
1196 2133 1223 2148 ““

76 2235 319 2307 ignobiiitntem,
337 2237 402 2293 eive
423 2251 478 2309 per
498 2235 635 2306 tucrum,
653 2231 717 2290 eive
738 2249 793 2306 per
812 2233 963 2290 damnum.
989 2231 1040 2290 Sic
1058 2233 1140 2290 enim

73 2347 130 2388 me
149 2331 257 2404 eaepins
279 2329 393 2396 obtuli,
414 2341 445 2386 et
463 2330 563 2388 adhuc
583 2329 701 2404 offero,
719 2325 845 2400 prorem
864 2327 940 2385 nihil
964 2327 1139 2401 excipiens,

74 2435 281 2498 preterquam
300 2423 430 2480 verbum
448 2424 528 2494 Dei,
547 2425 577 2480 in
596 2439 657 2498 quo
677 2441 739 2482 non
758 2425 865 2482 solum¹
878 2423 954 2480 vivit
972 2422 1085 2491 homo,
1104 2433 1140 2480 ut

76 2517 222 2575 Christus
241 2517 371 2583 (Matth.
379 2517 449 2585 IV.)
470 2519 578 2590 docet,
596 2503 653 2580 aet'
670 2529 701 2578 et
717 2520 812 2591 angeli
832 2519 1004 2576 desiderent
1019 2515 1140 2588 proepi.

75 2631 151 2670 cere
176 2615 227 2683 (t.
248 2613 318 2670 Pet.
340 2613 365 2670 1.
377 2612 401 2687 ).
437 2613 533 2692 Quod
556 2631 627 2671 cum
654 2614 694 2674 eit
715 2629 807 2684 euper
828 2611 959 2678 omnir,
984 2605 1078 2666 debet
1107 2609 1140 2667 in

75 2708 220 2765 omnibus
246 2707 436 2775 liberrimum
461 2719 491 2766 et
514 2709 658 2780 illigatum
685 2705 811 2774 heberi,
839 2713 875 2759 ut
898 2701 1013 2760 Paulus
1034 2705 1138 2760 docet.

74 2801 122 2860 Et
132 2803 171 2870 ¹in'
184 2804 319 2860 humano
338 2803 464 2861 arbitrio
481 2817 633 2876 nunquam
650 2800 784 2874 positum
803 2805 867 2860 eet,
891 2797 991 2869 iprum
1009 2795 1139 2854 submit.
1157 2793 1166 2805 “

59 2886 145 2954 ¹tere
176 2907 207 2952 et
236 2899 266 2954 in
293 2898 469 2971 pericuiunt
497 2897 672 2969 subjicere,
701 2891 889 2968 quentebbet
914 2893 1137 2963 magnitudine,

74 2989 294 3056 multitudine,
328 2995 485 3070 doctrine,
512 2991 733 3062 sanctitateque
757 2988 953 3062 prepolleent
978 2987 1139 3061 bomineet

74 3089 173 3156 eden,
199 3087 282 3142 utS.
305 3083 418 3153 Punice
438 3087 549 3142 nudent
577 3083 668 3154 (Gal.
687 3078 750 3155 Ι.)
762 3086 935 3140 exclamare
957 3092 989 3139 ct
1011 3072 1140 3153 ingemi-2

73 3198 166 3238 nere:
185 3182 290 3241 Sinos
308 3187 363 3238 aret
375 3179 515 3258 Anqeiur
532 3179 569 3238 de
586 3179 659 3236 caelo
675 3177 764 3236 atiud
775 3177 858 3240 vobin
872 3159 1140 3266 warqemmniq

71 3275 243 3332 anathema
265 3277 324 3348 sit,
351 3287 392 3336 et
400 3276 520 3336 David:
545 3275 639 3333 nolite
657 3275 862 3366 corfidereiq
877 3263 1139 3359 praehibita&

67 3351 150 3438 filiis
172 3369 366 3428 hominum·
353 3389 388 3428 m
409 3367 515 3447 quidus
536 3388 598 3429 non
623 3379 669 3440 esi
684 3351 780 3439 rohes·
815 3369 885 3432 Nec
902 3369 1036 3448 sibiipsi
1056 3370 1139 3442 quie

72 3479 167 3537 quum
186 3481 254 3522 ecee
271 3466 453 3532 submittere
472 3479 595 3541 potest,
612 3466 733 3524 dicente
750 3466 929 3524 Salomone:
950 3463 1068 3520 ornum
1080 3470 1136 3536 est,

35 3645 37 3650 ,
71 3559 126 3633 qui
143 3559 297 3631 corfidit'
284 3575 318 3616 ιιι
336 3561 425 3619 corde
443 3577 509 3626 suo
544 3561 586 3620 Et
601 3563 720 3630 dorem.
737 3559 836 3630 tivit.
848 3557 1067 3649 Mem·
1084 3559 1138 3663 qui

72 3651 229 3722 confidit
216 3671 251 3710 m
266 3653 400 3714 bomine.
630 3673 633 3682 ¹
1051 3715 1053 3720 .
1198 3689 1200 3695 s

128 3857 156 3938 ui
186 3887 236 3934 Me.
256 3887 286 3943 -Ι-
299 3888 367 3938 Tne.

127 3962 161 4022 b)
189 3967 237 4015 Me.
262 3975 379 4038 menerqc

127 4047 156 4097 e>
183 4044 234 4102 ns.
254 4047 366 4100 cordium
379 4054 507 4104 ιιιιιιιιι.
