2716 4556
541 321 648 390 usta.
888 309 891 314 '
1073 324 1133 398 aaa

69 479 219 538 iteritatis
245 479 330 538 laude
355 484 457 532 rotare
482 459 584 535 suisa.
610 475 758 570 'Quasi
787 477 861 535 alius
886 481 923 537 da
948 489 978 537 te
1000 483 1136 556 diceret,
1161 543 1163 548 ,

47 641 52 654 ³
73 573 336 642 aum‘dabuisses
361 572 554 643 existimare,
580 575 632 645 qui
660 583 691 628 te
711 573 795 632 velut
811 575 959 647 pessimus
979 579 1137 637 simulator
1213 603 1217 622 ·

74 669 236 732 furiosum
253 677 417 727 conaretur
438 669 618 744 traducere,
636 668 774 738 dignum,
800 669 830 726 iu
848 685 939 742 quem
958 674 1006 728 vel
1025 689 1137 747 expur.

73 763 232 833 gallonem
241 795 257 844 ,Ι
282 772 334 818 aut
357 761 382 817 si
411 762 483 834 quid
505 763 592 835 pejus
615 742 731 832 possis,
761 762 922 823 scriberes.
965 766 1057 830 Nona
1078 769 1135 826 tibi

76 857 206 930 places,
221 857 344 928 proprio
363 866 466 912 rostro
485 835 649 926 crepitante
667 858 745 914 hano
764 858 882 916 laudem
900 860 1056 930 insignem.
1119 896 1122 910 ι
1177 853 1179 861 “

152 949 299 1006 Credisne
324 951 417 1005 miser
442 961 473 1007 et
497 957 530 1006 tu
538 991 549 1020 ,
574 965 641 1008 este
666 951 764 1007 adhue
789 953 930 1012 homines
955 955 986 1010 in
1005 936 1135 1028 mundo,
1232 975 1235 986 ·

76 1055 194 1118 praeter
218 1055 289 1102 tuos
313 1043 474 1116 Lipsensea
500 1055 624 1128 mutuos
650 1047 749 1102 mulos
782 1047 860 1114 (neo
884 1049 964 1106 enim
983 1039 1088 1110 omues
1106 1063 1151 1110 te·

77 1135 253 1208 scabunt),
284 1143 335 1212 qui
353 1143 470 1210 soient,
495 1141 568 1212 quid
586 1141 625 1197 sit
649 1141 785 1198 sincerus
811 1153 842 1197 et
860 1151 981 1213 apertus
999 1147 1137 1203 veritatis

77 1233 259 1306 inquisitor:
279 1247 382 1288 eoram
406 1233 516 1306 quibua
533 1235 600 1291 lano
621 1243 680 1292 tuae
700 1235 881 1294 sinceritatis
893 1238 1037 1308 J'eotantia
1055 1243 1138 1316 omni
1190 1231 1191 1235 ¹

76 1329 122 1384 ait
138 1327 304 1398 mephitide
319 1329 562 1396 graveolentiorl
587 1327 655 1386 Hos
675 1340 743 1398 eat,
772 1332 854 1402 quod
875 1344 998 1403 repente
1014 1349 1137 1392 oausam

77 1421 141 1478 alio
160 1421 300 1509 rapuisti,
319 1421 356 1476 de
374 1421 471 1478 libero
490 1422 615 1480 arbitrio
634 1424 671 1478 ud
691 1423 877 1486 nativitatem
895 1427 981 1484 liberi
1000 1428 1138 1499 arbitrii,

76 1515 135 1572 hui
154 1531 244 1586 quam
261 1517 514 1574 neeessariam'ad
532 1519 719 1590 perdendum
738 1527 857 1591 tempas
878 1503 1088 1592 quassationem.

151 1608 243 1666 Nune
266 1610 388 1668 demum
407 1612 558 1682 intelligo,
583 1613 654 1684 quid
677 1601 738 1684 ait,
766 1615 849 1686 quod
871 1617 1022 1676 toribeudi
1044 1635 1138 1690 nego.

79 1707 159 1760 tium
185 1721 308 1776 semper
332 1705 546 1776 exhortastis,
579 1707 823 1768 honestissimam
849 1709 1025 1783 hypocrisin
1052 1730 1137 1773 eoru,

74 1805 225 1862 mantus,
246 1809 277 1853 ta
294 1815 359 1855 non
376 1816 477 1856 aruare
496 1801 663 1866 aculeatum
680 1793 853 1872 scriptionis
872 1819 990 1874 genua,
1018 1823 1138 1880 semper
1155 1778 1158 1796 ’

79 1903 182 1950 autem
198 1895 379 1966 provocaris
404 1894 439 1950 ad
464 1895 718 1968 disputationem,
735 1895 788 1954 aed
811 1912 896 1966 eam,
916 1913 1006 1970 quam
1025 1915 1138 1974 sxoep.

78 1997 143 2044 tam
162 2003 224 2042 non
246 1987 335 2044 lioeat
355 1985 412 2062 sub
432 1988 516 2044 orbis
535 1984 685 2058 judicium
706 1989 797 2044 edere
808 2025 819 2059 ,
842 1989 898 2046 uisi
911 1991 1065 2062 judicibus
1083 1994 1140 2050 tibi

78 2081 199 2154 placitis
225 2089 257 2136 et
274 2081 304 2138 vi
325 2082 455 2139 extortis
474 2082 652 2152 judicatam
679 2093 801 2154 paratus
823 2084 941 2140 aoilioet
958 2085 1017 2149 laad
1037 2087 1139 2158 dispu.

79 2178 162 2232 tandi
186 2176 323 2246 ratione,
351 2173 497 2244 Galliam,
526 2177 657 2244 Italiam,
681 2175 894 2250 Germaniam,
920 2179 1000 2234 forta
1021 2189 1052 2236 et
1073 2164 1139 2238 lie.

80 2272 207 2330 mauriti
225 2251 373 2338 mundos,
392 2271 417 2328 si
437 2271 520 2331 huno
541 2272 608 2344 quis
625 2270 803 2342 requiretn)
814 2309 825 2340 ,
851 2273 982 2332 offerret
1000 2275 1138 2348 seilicet,

81 2366 167 2436 qnod
193 2365 238 2422 sio
259 2367 438 2438 disputando
465 2365 550 2428 ttorie
576 2381 633 2426 neo
657 2363 865 2424 deliberalioui
889 2384 947 2424 nae
976 2369 1135 2439 diligentia

79 2461 184 2516 locum
203 2477 284 2533 ease,
303 2477 376 2534 quas
402 2469 435 2516 tu
454 2459 484 2518 in
503 2461 661 2530 quaerenda
680 2460 823 2532 peritate,
841 2459 1063 2524 sincerissimus
1078 2465 1139 2532 vir,

79 2571 201 2628 semper
220 2565 392 2630 suspeetas,
410 2559 473 2612 imo
493 2553 601 2612 noxias
617 2555 714 2624 dunis,
732 2564 762 2614 et
781 2555 956 2630 facillimum
975 2574 1054 2626 esse,
1073 2559 1140 2616 usi.
1237 2613 1240 2620 ,
1351 2587 1352 2606 ι

80 2652 150 2706 tatia
173 2652 328 2708 vocabulis
350 2649 634 2719 alienam-effingere
657 2648 924 2718 significationem,
943 2667 1051 2721 quam,
1084 2651 1137 2712 ubi
1229 2668 1231 2680 ·

79 2745 277 2815 praecedentia
297 2755 327 2802 et
348 2747 503 2818 sequentia
523 2761 585 2800 non
606 2744 694 2808 lineat
716 2744 873 2820 conferre,
893 2753 957 2798 tum
975 2759 1064 2800 cauae
1084 2762 1136 2800 su.
1228 2755 1231 2764 ·

80 2838 148 2894 bito
169 2841 204 2894 sd
220 2841 293 2897 aliae
311 2855 360 2896 res
382 2849 489 2912 rapta,
512 2837 725 2923 difficillimum·
739 2837 778 2892 ait
801 2837 983 2901 observatu
1009 2853 1138 2910 praeter.

78 2934 134 2990 tim
154 2933 204 2988 ubi
222 2935 250 2989 id
269 2936 390 3004 agitur,
408 2935 510 3006 apeoia
528 2931 675 2998 adhibita,
693 2947 731 2985 ne
753 2929 919 2986 observare
940 2931 1007 3002 quie
1028 2932 1138 2988 debeat

78 3045 115 3082 ao
130 3029 243 3098 possit,
271 3028 354 3084 salsis
370 3029 490 3086 interim
508 3035 574 3084 tum
592 3023 801 3093 auditoribus,
823 3034 888 3080 tum
901 3023 1057 3096 judicibus
1075 3027 1138 3083 sin.
1183 3043 1187 3050 ⁴

78 3121 213 3177 caritatis
233 3122 400 3194 jaetantia,
432 3123 514 3195 quod
539 3121 684 3205 veritatis,
699 3119 865 3190 periculum
895 3129 927 3174 st
954 3119 1137 3194 impiissimae

76 3217 278 3276 simulationis
304 3219 474 3275 scandalum
501 3216 531 3273 in
557 3213 719 3280 scribendo
737 3197 991 3286 parum'lelioiter
1007 3215 1047 3272 ait
1065 3231 1154 3286 pro„

78 3315 247 3368 cessurum.
784 3313 787 3320 '

146 3405 212 3460 Una
232 3405 322 3473 igitur
336 3405 390 3462 tibi
413 3407 490 3462 ratio
511 3415 558 3462 est
575 3407 740 3478 querenda
762 3404 916 3472 veritatis,
941 3403 1134 3476 praeoIpitatae

6 3489 11 3512 '
76 3496 286 3566 disputationis
316 3500 468 3557 confusio.
514 3500 593 3572 Quis
620 3513 752 3572 unquam
787 3509 817 3560 et
849 3499 912 3558 hoo
935 3497 1139 3572 intellexisset

77 3605 146 3646 esse
166 3592 324 3664 veritatem
349 3609 448 3649 amare
470 3603 500 3650 et
526 3609 679 3665 quaerere,
706 3593 762 3648 nisi
785 3603 819 3648 tu
843 3608 943 3654 novus
968 3592 1152 3670 verborum,
1237 3581 1245 3667 '¹

76 3685 289 3752 grammaticus
316 3703 386 3743 oum
412 3698 462 3744 tua
482 3689 614 3744 faotione
637 3689 677 3744 ita
703 3689 858 3745 dooereee
889 3687 976 3745 Adeo
994 3696 1078 3750 totus
1103 3702 1137 3745 et

76 3777 160 3834 fictio
186 3787 215 3834 et
243 3779 407 3842 annulatio.
448 3781 806 3874 11)“ειιίιμιιῐιιιιιιιὶιιι
832 3782 1051 3854 expurgatione
1070 3779 1137 3838 fere

79 3955 594 3984 -·-···---——--·—-·a·

128 4087 160 4132 ιι)
193 4083 211 4128 ll
237 4093 338 4132 recuset.
