2760 4556
589 313 700 382 ιιι,
727 268 729 276 “
953 343 955 346 -
1097 325 1156 390 155

104 449 182 530 Ideo
206 472 380 545 quicunque
398 485 460 525 non
484 469 664 542 crediderit,
694 471 758 542 jam
782 471 933 543 indicatos
964 483 995 532 et
1016 487 1157 538 mortuns

103 576 172 624 eat:
199 567 290 637 igitur
308 564 423 636 justitia
440 564 569 634 Juatilet
590 565 650 622 vita
676 566 740 638 ejus
763 575 809 624 est
833 567 905 624 fides
930 569 1003 640 ejus.
1048 572 1153 648 Quare

102 673 137 718 et
165 663 267 718 omnia
290 673 381 734 opera
407 659 500 716 fidelis
526 661 594 715 viva
623 673 719 731 snnt,·
735 674 770 717 et
798 663 896 718 omnia
921 680 1012 736 opera
1034 667 1159 726 infidelis

101 765 246 823 mortua,
265 755 358 823 male,
376 765 406 809 et
425 753 618 823 damnabilia,
640 755 729 826 juxta
749 757 841 812 iilud:
868 773 929 812 non
946 765 1046 828 potest
1064 759 1160 818 arbor

100 848 193 904 mata
208 847 342 916 frustrer
366 846 457 904 donor
477 847 607 916 facere:
627 847 722 906 ordor
747 857 871 920 autam,
903 853 969 925 ιιιιω
992 869 1054 911 non
1071 849 1161 924 sotii

40 975 45 992 ·
90 943 227 1014 fractast
243 941 350 1012 bonos,
370 943 543 1012 exactetur,
562 950 590 998 et
607 943 639 1000 in
657 945 759 1019 iqnam
776 946 922 1002 mittetur.

173 1079 333 1152 secunao,
356 1059 428 1136 ntes
453 1089 552 1136 autem
577 1087 622 1135 en
641 1079 714 1134 nnn
733 1079 830 1149 atiud,
857 1097 945 1153 quam
966 1083 1055 1152 nna,
1075 1086 1159 1156 quot
1200 1129 1211 1162 ι,

100 1173 193 1230 Dens
212 1175 364 1246 promittit
387 1185 436 1230 aut
458 1175 547 1241 dioit,
566 1176 711 1244 credere,
730 1175 807 1230 siout
827 1175 916 1231 Rom.
939 1175 1008 1232 Νι
1027 1177 1157 1235 tradidit

99 1267 271 1326 Abrohom
296 1271 375 1339 Deo,
398 1277 430 1336 ,et
445 1275 617 1339 reputatum
635 1277 680 1325 est
695 1269 723 1323 ei
744 1268 963 1337 adjustitiam.
997 1269 1071 1328 Ideo
1088 1288 1159 1328 ver.

100 1362 177 1428 bum
198 1372 229 1418 et
244 1363 317 1422 fides
336 1365 507 1421 nenesaario
524 1365 611 1420 simul
625 1372 712 1434 sunt,
730 1375 760 1420 et
776 1365 840 1419 aine
859 1364 955 1420 verbo
973 1361 1159 1437 impossibile
1240 1393 1245 1402 ·

101 1467 150 1513 eat
172 1473 239 1516 esse
262 1447 368 1540 fidem,
392 1468 425 1514 ιιι
436 1455 515 1516 isai.
533 1457 614 1514 Lv.:
640 1457 761 1513 verbnm
780 1459 861 1532 qood
880 1459 1035 1536 eqreditur
1051 1458 1088 1516 de
1105 1475 1159 1517 ore

104 1568 190 1621 meo,
209 1569 272 1609 nora
294 1560 462 1614 revertetur
479 1553 586 1610 adme
603 1567 742 1610 vacuum.

173 1687 285 1746 Tertio
308 1707 389 1746 nuno
407 1689 595 1762 probandum
622 1696 688 1758 est,
713 1689 795 1760 quod
815 1703 977 1744 attestato
999 1689 1036 1746 ad
1060 1704 1161 1745 saonae
1211 1719 1220 1733 =

103 1795 240 1843 mantum
262 1785 467 1840 necessarium
486 1783 524 1839 sit
544 1785 669 1838 credere
679 1823 689 1852 ‚
708 1798 774 1838 aeae
792 1783 917 1852 gratiam
937 1785 1104 1856 consequi,
1127 1790 1160 1840 et

99 1877 132 1931 in
152 1875 215 1940 hoo
239 1893 300 1932 non
323 1877 481 1942 dubitare,
506 1878 559 1934 sod
578 1878 746 1938 certissima
764 1875 873 1934 fidncia
891 1875 1065 1948 confidere,
1083 1876 1159 1934 alio.

100 1971 152 2042 qai
171 1971 200 2026 in
213 1971 364 2042 juditium
385 1972 514 2030 accedit.

119 2131 122 2140 »
168 2103 276 2162 Primo
299 2121 354 2176 per
371 2104 443 2162 ιιιιιιι
466 2107 607 2178 Apostoli
627 2081 701 2162 Ebr.
725 2105 798 2162 XL:
831 2110 950 2166 oportet
974 2103 1160 2160 accedentem

99 2195 239 2266 cratim,
258 2198 339 2273 quod
355 2197 441 2255 Dens
462 2207 524 2269 ast,
550 2207 578 2254 et
595 2199 677 2274 quod
690 2192 910 2276 inquirentibus
930 2215 963 2256 se
978 2213 1159 2254 remunera·

97 2296 154 2346 tor
172 2297 224 2350 ast.
270 2293 324 2348 Hie
357 2303 455 2365 patet,
487 2295 568 2366 quod
593 2311 653 2350 non
678 2295 750 2351 iicet
776 2287 931 2363 dubitare,
958 2293 1011 2351 aed
1032 2291 1165 2352 firmiter«

99 2387 249 2454 credere,
275 2388 368 2459 qnod
376 2387 464 2443 Dens
490 2403 557 2445 aeae
579 2389 763 2461 inquirentes
786 2396 970 2445 remuneret.
1019 2385 1112 2465 Q'uod
1133 2388 1159 2444 si

97 2489 227 2548 oportet
244 2481 367 2535 credere
389 2494 670 2552 remuneratorem,
691 2483 815 2539 omnino
839 2491 961 2554 oportet
982 2481 1087 2538 etiam
1093 2497 1160 2537 cre.

98 2575 174 2628 dere
198 2569 450 2652 justifi'catoretn,
478 2587 508 2632 et
532 2579 634 2646 gratim
653 2575 860 2646 largitorem
852 2594 882 2632 ιιι
906 2577 1064 2647 praesenti,
1093 2576 1159 2630 aine
1205 2575 1206 2578 ’

99 2671 161 2740 qna
178 2669 333 2740 praemium
352 2687 412 2724 non
433 2671 573 2730 donatur.

176 2802 326 2872 Secundo,
347 2807 551 2862 necessarium
570 2815 617 2864 eat
631 2807 688 2863 snb
705 2759 840 2878 periculo
859 2811 974 2859 aeternaa
994 2801 1161 2860 damnatio.

101 2899 151 2953 nie
171 2906 202 2952 et
228 2897 346 2968 peccati
367 2881 546 2960 infidelitatis
566 2901 691 2956 credero
708 2900 757 2956 his
777 2897 879 2954 verbis
902 2894 1037 2952 Christi·
1067 2893 1162 2968 qaod·

100 3008 217 3066 eamque
228 2992 358 3048 solveris
377 3009 469 3062 super
483 2999 620 3060 terram,
637 2993 769 3052 solatium
784 2992 843 3047 erit
860 2997 889 3044 et
904 2990 939 3046 in
954 2969 1047 3045 cato.
1081 2989 1155 3046 Ideo

99 3088 125 3143 ei
153 3089 280 3144 accedas
306 3089 350 3153 ad
368 3097 590 3144 sacramentnm
611 3087 815 3170 paenitentia,
845 3095 876 3139 et
904 3100 965 3140 non
991 3081 1157 3138 credideris
1222 3147 1224 3155 Ι

99 3179 247 3250 firmiter,
272 3191 335 3238 tete
355 3181 601 3239 absolvendum
593 3198 623 3235 ιιι
643 3181 796 3248 coe10,in
811 3179 961 3250 judicium
982 3175 1102 3232 accedis
1128 3181 1160 3228 et
1219 3162 1222 3171 ’

100 3274 342 3344 damnationem,
361 3276 430 3350 qnia
450 3293 512 3332 non
529 3276 628 3332 credie
650 3275 806 3330 Christum
826 3289 898 3328 vera
917 3272 1045 3327 dixisse:
1064 3257 1159 3344 quod

61 3369 71 3376 '
100 3383 216 3444 oranqtoe
237 3367 367 3428 solveris
385 3379 444 3425 ato.
464 3380 494 3426 et
515 3370 560 3425 sic
580 3380 630 3424 tna
649 3367 836 3424 dubitatione
856 3365 1013 3436 Christum
1032 3362 1155 3434 menda.

100 3479 169 3520 cem
187 3464 284 3532 iacis,
302 3465 385 3536 qnod
403 3474 449 3520 eat
466 3463 655 3520 horrendum
673 3472 846 3535 peceatum.

170 3583 201 3640 Si
222 3591 323 3638 antem
345 3584 475 3640 dixeris:
494 3584 609 3656 quidsi
628 3583 686 3639 eim
706 3577 843 3652 indignus
863 3587 895 3635 et
908 3577 1101 3650 indispositum
1120 3574 1158 3637 ιιι

100 3681 354 3737 tauromenium?
382 3679 563 3751 Respondeo
583 3687 746 3750 utsupra:
776 3691 831 3748 per
852 3673 964 3730 nnllam
986 3671 1159 3745 dispositio.

100 3789 172 3828 nem
194 3773 323 3830 efficeris
343 3775 467 3843 dignus,
486 3789 540 3847 per
558 3773 638 3827 ιιιιιιιι
653 3787 745 3844 opera
765 3780 852 3844 aptos
870 3768 907 3824 ad
926 3775 1169 3834 sacramentnm

102 3867 157 3922 sed
172 3881 227 3936 per
239 3867 337 3922 oolam
355 3867 460 3938 fidem,
487 3869 553 3938 quia
573 3867 638 3923 ιοιιι
658 3867 731 3922 fides
757 3864 840 3956 veriti
862 3863 976 3919 Christi
989 3860 1161 3934 justificat,

102 3959 276 4030 digniioat.
301 3962 447 4032 vivificat,
472 3973 633 4035 praeparat,
663 3962 802 4032 sineque
824 3959 925 4016 omnin
946 3957 1001 4012 alia
1021 3957 1069 4011 vel
1092 3958 1163 4009 aunt
1243 4009 1255 4040 Ι

103 4057 414 4138 pronuntiationes
434 4048 650 4138 desperationis
671 4055 788 4114 studia·
812 4053 921 4114 duatus
939 4053 1018 4111 enim
1038 4064 1100 4106 non
1122 4057 1165 4104 ex
1241 4110 1245 4124 ⁸
