2716 4556
128 371 133 378 ,
238 304 300 376 too
719 305 809 372 1⁵20.
857 389 860 400 .

220 421 407 538 ungente,
440 477 506 538 que
534 477 573 520 ne
602 462 731 534 cogitavi
758 473 902 536 nequem.
950 461 1048 540 Qasle'
1074 471 1123 522 est
1150 463 1228 522 illud
1254 467 1291 524 ds

238 569 367 632 utraque
386 557 485 630 specie
503 565 534 612 et
554 555 683 613 Romani
703 556 861 616 Pontificis
878 565 1042 648 potestate:
1060 559 1091 616 in
1113 577 1175 632 qua
1192 577 1249 630 re,
1267 561 1291 616 ei

239 654 334 712 v'elint
360 653 447 709 interi
473 667 594 718 verum,
624 651 680 723 ipsi
708 667 780 706 vere
805 669 926 709 mecum
951 655 1099 724 sentiunt,
1129 659 1292 727 quaeum.

139 751 146 762 “
239 749 315 806 libet
333 747 475 806 simulent
496 747 683 804 dissensum
706 745 737 802 id
759 748 840 820 quod
858 747 945 804 focile
964 748 1109 820 intelliget
1120 786 1131 818 ,
1150 748 1207 820 qui
1226 763 1292 804 mes

238 844 268 900 le
289 843 356 900 erit.

269 860 287 913 g
309 936 414 1014 Quare
430 954 486 1011 per
504 946 607 1008 tuam,
624 937 875 994 reverendissime
890 917 1000 1006 Pater,
1018 937 1049 992 in
1065 937 1177 994 omnes
1194 936 1290 992 bonas

238 1031 341 1091 literas
358 1033 553 1106 literatusque
572 1033 656 1089 viros
674 1031 856 1088 celebratam
875 1031 956 1088 illam
975 1040 1006 1086 et
1026 1031 1169 1090 omnibus
1190 1047 1289 1086 emsa.

239 1125 386 1185 tissi'msm
409 1127 624 1198 benignitatem
649 1125 828 1198 suppliciter
845 1141 924 1193 ero,
943 1125 1080 1194 dignetur
1097 1125 1291 1180 reverendis.

240 1223 315 1280 sime
337 1231 368 1280 et
385 1223 584 1284 illustrissima
601 1220 779 1294 Dominatio
794 1228 847 1275 tua
862 1226 894 1274 et
907 1235 957 1274 me
971 1218 1172 1290 benigniore,
1200 1233 1289 1292 quem
1341 1241 1342 1246 ¹

239 1292 282 1373 illi
302 1317 450 1404 delatores
471 1326 624 1390 quaerunt,
653 1315 792 1390 opinions
817 1323 848 1370 et
865 1311 1006 1382 nomine,
1031 1321 1177 1369 nontam
1199 1329 1287 1382 meo,

241 1427 331 1483 qnam
355 1427 415 1468 susc
433 1411 525 1483 ipsius
545 1412 771 1484 multorumque
796 1408 924 1463 eliorum
942 1405 1044 1463 salutis
1063 1407 1199 1479 intuitu,
1229 1408 1285 1464 imo

242 1505 420 1562 Christianae
442 1505 577 1562 veritatis
595 1521 702 1574 cansa,
730 1521 795 1575 qun
816 1519 878 1559 non
897 1510 999 1574 potest
1015 1518 1077 1557 non
1096 1503 1237 1572 offendi,
1262 1503 1285 1557 si

240 1599 340 1671 inique
361 1600 425 1656 sive
448 1599 752 1672 reprobet-auditus,
777 1597 842 1655 sive
861 1607 1038 1654 contemnar
1055 1597 1240 1654 erudiendus
1258 1605 1286 1653 et

116 1753 120 1767 ,
239 1693 406 1753 auditurus·

308 1786 412 1844 Testis
428 1797 475 1845 est
491 1789 566 1846 mihi
581 1790 611 1846 in
630 1790 757 1846 unimam
773 1803 870 1846 meam
887 1787 979 1846 lesus
995 1787 1137 1844 christus
1152 1788 1283 1844 omnium

235 1881 351 1953 judex,
377 1895 513 1958 menon
537 1899 604 1940 esse
629 1887 786 1942 conscium
810 1884 969 1964 docuisse,
992 1891 1103 1956 prester
1123 1883 1180 1946 id,
1207 1883 1283 1955 quod

241 1975 397 2033 Christum
413 1985 445 2033 et
462 1975 522 2033 Dei
540 1975 689 2050 praecepta
708 1979 836 2034 referat:
855 1993 960 2034 rursus
977 1995 1039 2034 non
1055 1993 1122 2035 esse
1141 1987 1205 2032 tam
1221 1993 1282 2050 per.

240 2072 387 2142 tinterna,
416 2073 488 2144 quin
511 2073 600 2128 velim
621 2073 726 2128 doceri
750 2079 781 2128 et
805 2087 910 2128 errore
931 2073 1052 2140 cognito
1075 2080 1199 2128 mutare
1222 2087 1282 2126 sen.

241 2167 377 2222 tentiam.
416 2170 519 2237 Atque
535 2168 650 2224 utinam
665 2168 694 2223 id
717 2167 805 2224 officii
827 2181 865 2221 ex
881 2165 1132 2222 reverendissima
1150 2165 1282 2222 Paterni.

240 2267 303 2314 tete
325 2269 374 2312 tus
399 2259 487 2315 liceat
518 2262 673 2332 experiri..
709 2261 771 2336 Qui
786 2259 874 2316 ‘enim
904 2259 1063 2332 hucusque
1091 2275 1161 2316 sum
1186 2261 1283 2318 multis

211 2333 224 2365 *¹
240 2351 403 2407 mendaciis
422 2352 505 2408 vsrie
526 2354 634 2426 petitus
654 2365 685 2412 et
703 2345 930 2428 tamen-postea
955 2353 1023 2410 luce
1044 2354 1183 2411 veritstis
1204 2371 1283 2410 rere.

240 2445 299 2500 leta
316 2445 460 2504 innocens
478 2446 633 2504 inventus:
652 2467 749 2520 cogor
767 2449 929 2524 suspicari,
948 2459 978 2506 et
998 2464 1053 2504 ecs
1071 2451 1124 2522 qni
1140 2450 1239 2506 adhue
1256 2457 1283 2503 et

240 2537 305 2595 eliis
322 2540 379 2596 viis
396 2555 445 2596 me
464 2549 589 2612 petunt,
614 2539 676 2596 non
693 2544 812 2610 sincere
831 2561 935 2614 egere,
960 2545 1130 2618 praesertim
1146 2559 1212 2600 cum
1228 2559 1283 2600 no.

239 2634 295 2690 lint
313 2631 425 2690 dooere
444 2645 580 2706 paratum
598 2635 721 2704 doceri,
739 2637 792 2692 sed
811 2647 925 2694 tantum
943 2639 1109 2710 criminari.

309 2727 398 2798 Haec,
419 2729 669 2786 reverendissime
688 2727 781 2786 Pater
800 2741 831 2786 et
849 2731 1047 2790 illustrissime
1063 2735 1224 2809 Princeps,
1242 2735 1283 2790 ri.

239 2837 308 2879 sum
332 2833 379 2878 est
405 2839 566 2894 suggerere
589 2825 794 2881 necessarium
819 2825 963 2882 adversus
991 2829 1055 2882 sire
1083 2831 1196 2898 melas,
1220 2831 1281 2887 sire

115 2922 124 3001 ’μ
239 2917 382 2987 deceptas
408 2917 504 2976 bonas
529 2929 663 2989 mentes,
690 2937 750 2993 quo
772 2919 928 2992 implerem
953 2929 984 2975 et
1007 2935 1109 2977 meum
1139 2925 1279 2994 officium,

161 3008 169 3021 ⁰
239 3011 292 3083 qni
316 3025 366 3066 me
388 3021 506 3083 partem
524 3013 623 3083 gregis
641 3015 702 3084 tul,
729 3017 760 3070 in
778 3015 899 3071 dioeoesi
925 3021 976 3070 tna
993 3024 1096 3073 natum
1113 3020 1281 3075 edocatmu.

238 3115 298 3175 qne
317 3120 464 3175 agnosco,
490 3121 529 3160 ne
551 3108 622 3178 quid
640 3108 698 3164 mei
720 3109 829 3166 silentii
853 3108 941 3179 eulpa
961 3111 1081 3177 gravius
1102 3110 1279 3185 increpetis

160 3260 163 3266 ,
205 3193 207 3198 ’
238 3198 371 3254 animum
394 3198 519 3254 Domini
538 3203 597 3256 mei
618 3202 844 3271 gratiosissimi:
871 3218 936 3275 quse
954 3221 1084 3276 prosus
1101 3205 1208 3276 insigni
1225 3207 1294 3262 ele.¹

237 3292 350 3348 mentia
372 3293 504 3362 gratiose
528 3303 559 3349 et
576 3297 725 3368 patienter
750 3299 824 3354 velit
841 3315 1023 3369 agnoscere,
1048 3311 1079 3356 et
1101 3316 1202 3356 meam
1220 3317 1282 3372 par.

136 3433 141 3440 ,
237 3386 361 3440 vitatem
383 3387 577 3455 magnitudini
598 3407 659 3445 suas
683 3390 796 3447 hebere
819 3393 1080 3466 commendntsm,
1107 3394 1139 3450 in
1166 3393 1282 3450 Christo

207 3483 216 3548 J
237 3476 322 3534 Jesu·
334 3479 471 3538 Domino
498 3491 606 3538 nostro
617 3522 627 3552 ‚
654 3484 706 3556 qui
725 3487 1241 3546 reverendissimamsesaminum
1257 3497 1285 3542 ss

238 3571 471 3632 illustrissimam
496 3575 747 3635 Dominationem
773 3589 855 3636 tuem
877 3593 962 3651 regat
989 3591 1020 3640 et
1047 3593 1155 3647 servet
1181 3585 1212 3641 in
1232 3597 1283 3642 se·

177 3667 184 3696 ⁸
237 3665 324 3732 cula,
344 3669 453 3725 Amen.
839 3673 849 3686 ”

306 3757 538 3833 Wittembergae
558 3759 771 3838 nivehense,
791 3785 869 3826 anno
888 3767 1029 3830 MDXX.

304 3849 382 3911 'rus
399 3845 658 3930 reverendissime
674 3862 869 3924 Paternitatie
887 3866 1090 3924 deditissimus
1108 3867 1186 3925 tilius

947 3961 1102 4022 Martinus
1122 3959 1283 4020 Lumerns·
