2760 4556
203 282 263 350 ie
599 315 602 326 .
679 271 774 348 1⁵1⁸.
908 215 918 238 x
1005 228 1009 236 ’
1092 341 1108 362 ,.
1206 253 1263 356 ’,

200 437 324 506 Taceo,
343 435 425 508 quod
440 448 546 488 rumor
558 429 829 487 circumferebatur
834 467 844 496 ,
862 428 1044 500 permissum
1057 441 1125 486 esse
1138 444 1155 483 a
1168 444 1261 487 reve.

199 536 295 590 rendo
316 531 405 586 Patre
425 527 584 594 Generali,
613 543 661 580 ine
677 526 856 600 capiendum
876 534 907 578 et
926 523 957 580 in
976 523 1113 604 ¹vincula,
1130 523 1187 580 nisi
1210 539 1263 580 re.

200 643 364 688 vocarem,
391 620 626 694 conjiciendum:
657 621 752 676 mensi
776 631 875 676 tamen
899 620 1043 690 Augustas
1067 617 1176 674 eodem
1197 617 1262 684 die.

139 793 142 800 Ι
201 717 277 779 Erat
296 728 359 777 tum
379 716 453 812 sepis
471 725 568 788 sexte.
993 706 996 713 ’

270 814 346 871 Post
361 811 519 884 prandium
539 816 647 865 vocato
662 807 830 864 reverendo
846 807 938 865 Patre
952 805 1075 862 Vicat-io
1083 845 1095 876 ,
1114 805 1265 863 tractavit

200 925 271 966 cum
296 897 350 976 eo}
376 915 410 960 ut
434 920 484 960 me
504 904 539 958 sd
558 904 787 960 revocationem
801 903 981 972 adduceret,
1000 900 1064 957 sine
1082 918 1149 956 mea
1168 910 1263 972 nota,

199 1013 234 1059 nt
250 1001 303 1059 hic
323 999 452 1069 scribit,
473 997 583 1066 idest,
602 1013 672 1052 cum
693 1007 838 1070 perpetua
856 996 993 1052 infamia:
1020 1012 1085 1068 quse
1101 995 1181 1052 solet
1203 1012 1264 1052 eos

199 1097 302 1170 sequi,
332 1095 383 1168 qui
408 1095 520 1150 timore
544 1091 701 1148 hominum
730 1103 836 1148 contra
864 1091 1082 1148 conscientiam
1111 1089 1266 1169 abnegent

120 1192 129 1210 '
198 1192 369 1246 veritatem.
406 1187 499 1263 Quod
516 1187 565 1243 ille
589 1187 711 1260 quidem
731 1186 819 1243 fecit:
839 1187 892 1242 sed
911 1171 1055 1256 rogatus,
1074 1195 1108 1241 ut
1123 1185 1265 1258 Scriptu-

122 1269 133 1276 ’
197 1301 248 1342 ras
270 1285 344 1342 milii
367 1280 673 1352 solveret,1dicebat
699 1296 790 1349 supra
813 1279 893 1336 vires
915 1296 984 1336 suas
1011 1295 1102 1336 essee
1133 1289 1164 1335 et
1183 1295 1264 1350 ego,

59 1416 62 1426 ι
134 1417 136 1422 -
199 1386 305 1434 contro
336 1360 556 1434 conscientiam
585 1389 684 1430 meam
713 1389 779 1430 esse
804 1357 958 1431 'revocare
972 1415 983 1444 ‚
1014 1374 1071 1429 nisi
1097 1373 1263 1444 Scriptura
1370 1377 1371 1400 ¹

198 1472 272 1528 mihi
296 1472 381 1528 aliter
404 1471 639 1527 elucidarentur.
673 1467 775 1530 Mansi
800 1467 907 1524 deinde
935 1477 965 1524 et
991 1466 1141 1540 sabbatho
1167 1476 1261 1524 toto:
1288 1523 1290 1526 .

100 1552 103 1562 ’
199 1567 276 1632 nihil
295 1565 454 1626 dicebstur
465 1604 475 1634 ,
498 1564 571 1620 nibil
590 1563 809 1620 mandabatur:
834 1563 929 1620 mansi
947 1555 1130 1636 et'sequenti
1147 1563 1265 1620 Domi.
1370 1587 1371 1590 ¹

113 1671 118 1680 “
198 1659 287 1716 niet·
319 1659 370 1714 ubi
391 1659 502 1738 saltem¹
518 1674 573 1729 per
586 1657 687 1713 literas
708 1656 764 1712 adii
784 1656 1070 1714 reverendissimum
1088 1655 1264 1712 Dominum
1370 1703 1371 1716 i

196 1753 364 1824 Legatum:
384 1755 436 1808 sed
458 1753 532 1816 nihil
551 1751 651 1814 iiebst.
686 1749 788 1806 Msusi
803 1759 834 1808 et
851 1751 926 1806 seris
945 1752 1091 1809 secunda:
1113 1753 1207 1808 mensi
1227 1761 1263 1813 et

198 1847 273 1906 seria
291 1847 397 1908 tertis:
425 1856 454 1902 et
471 1857 648 1917 suspectum
671 1845 745 1901 mihi
769 1855 800 1900 et
819 1844 960 1902 omnibus
977 1845 1083 1916 amicis
1103 1846 1263 1902 silentium

199 1942 384 1998 factumest.
420 1943 493 1998 Ideo
510 1942 620 1999 timens
638 1943 718 2008 vim,
741 1940 939 2014 appellatione
959 1941 1122 2012 disposita,
1145 1925 1263 2014 reliqui

198 2013 389 2106 Augustnmt
420 2045 451 2092 et
470 2035 550 2092 serio¹
566 2043 673 2106 quarta
694 2035 822 2097 recessi,
843 2033 996 2091 confidens
1016 2051 1066 2091 me
1082 2036 1262 2108 praestitisse
1341 2063 1347 2079 κ

199 2115 317 2188 ubunde
333 2132 456 2188 arduam
473 2140 504 2184 et
518 2129 635 2184 fidelem
652 2127 854 2203 obedientiam
868 2123 987 2186 summo
1001 2129 1156 2199 Pontifici,
1169 2129 1263 2203 juxte

197 2233 340 2279 tenorem
356 2225 520 2280 citationis.
555 2224 584 2279 Si
599 2223 670 2302 quid
678 2233 786 2330 ξατο
800 2223 877 2278 ultra
890 2219 1132 2297 prosequentur,
1151 2225 1262 2294 vigore

199 2319 354 2386 ejusdem,
373 2317 445 2378 nihil
463 2319 587 2388 mirum,
608 2320 633 2374 si
649 2317 788 2388 injurtam
800 2317 907 2389 patiar.
1370 2373 1371 2388 χ

268 2410 387 2465 Deinde
411 2412 498 2472 vide.
528 2412 641 2484 optime
658 2393 925 2484 Princeps‚‘quod
945 2426 1018 2466 vere
1032 2409 1120 2467 Deus
1139 2411 1169 2466 in
1190 2410 1263 2468 eltis
1370 2397 1371 2400 ¹

125 2573 129 2580 x
196 2503 331 2562 habitet.
352 2514 382 2558 et
402 2505 650 2576 comprehendat,
662 2515 778 2562 astutos
794 2505 824 2562 in
839 2503 1028 2588 astutisvsua.
1060 2503 1147 2560 Dicit
1165 2503 1264 2567 enirn,

197 2599 256 2654 tria
276 2599 488 2655 affirmaverim
507 2601 535 2655 in
555 2601 613 2658 huc
631 2617 734 2656 causa.
1121 2587 1124 2592 ¹

265 2692 392 2761 Primo,
410 2695 491 2749 'dicte
508 2695 610 2750 fratris
629 2691 755 2750 Martini
773 2692 802 2748 in
817 2689 1066 2749 conclusionibus
1079 2677 1264 2764 suisdispu.
1370 2713 1371 2770 t

112 2793 129 2804 ‘
194 2788 309 2856 tstive,
333 2789 362 2842 in
384 2787 578 2843 sermonibus
601 2798 702 2843 temen
722 2786 759 2842 ab
780 2803 817 2842 eo
837 2786 960 2858 scriptis
977 2783 1152 2843 affirmative
1166 2795 1197 2842 et
1211 2803 1266 2844 ns.

131 2955 134 2962 Ι
197 2884 312 2938 sertive
332 2895 398 2938 esse
417 2885 528 2956 posita.
997 2943 1006 2950 ‚

167 3025 174 3034 .
265 2977 469 3050 Respondes:
487 2978 512 3032 si
533 2973 714 3050 disputative
734 2973 832 3047 posits
852 2972 1007 3044 intelligit,
1027 2971 1098 3046 quid
1115 2989 1191 3042 ergo
1208 2989 1264 3030 me

198 3071 344 3130 miserum
370 3079 399 3123 et
423 3086 584 3142 pauperem
610 3072 766 3127 bominem
792 3078 840 3126 tot
868 3067 1015 3125 molestiis
1040 3072 1265 3152 vertent,‘tot

200 3163 351 3220 sumtibus
379 3173 560 3228 extenuant,
588 3172 636 3220 tot
661 3163 838 3220 criminibus
861 3173 891 3220 et
914 3151 1086 3237 ignominiis
1108 3161 1270 3232 afficiunt,'
1300 3211 1303 3216 .

194 3266 243 3312 tot
261 3257 398 3314 scandala
419 3267 450 3312 et
472 3275 568 3332 prope
589 3259 753 3316 schismate
773 3258 926 3316 excitent?
946 3257 1020 3313 Sunt
1041 3257 1264 3329 disputationes
1370 3283 1371 3288 ¹

156 3383 164 3394 .
196 3353 209 3414 (
220 3351 361 3421 inquit):
387 3353 496 3422 gratias
517 3371 595 3424 ego:
621 3353 779 3410 absolutus
796 3369 885 3422 sum,
903 3351 964 3408 imo
986 3359 1017 3406 et
1034 3350 1165 3406 damnati
1188 3363 1265 3408 sunt
1370 3353 1371 3390 i

197 3461 323 3513 ornnes,
343 3447 393 3518 qui
412 3462 460 3503 me
476 3447 506 3503 in
519 3447 571 3518 jus
583 3453 783 3504 vocaverunt.
808 3445 878 3518 Ipse
892 3445 971 3502 enirn
986 3445 1263 3514 reverendissimus

195 3539 350 3595 Dominus
374 3539 504 3611 Legatos
527 3537 576 3598 his
604 3541 708 3598 verbis
734 3539 821 3598 testis
846 3537 936 3595 nobis
955 3531 1013 3610 sit,
1036 3556 1069 3596 se
1093 3539 1216 3604 fruere„
1230 3551 1264 3600 et

196 3632 296 3704 iniqua
323 3633 439 3690 ratione
461 3637 561 3691 omnis
579 3647 688 3690 contra
710 3649 759 3690 me
784 3633 898 3704 egisse,
926 3643 956 3688 et
979 3633 1035 3690 ieta
1055 3649 1178 3708 quoque
1196 3653 1264 3693 nott

198 3727 317 3780 sincere
346 3729 527 3802 scripsisse..
554 3731 605 3784 An
630 3730 763 3786 nondum
786 3727 879 3801 pudet
904 3743 959 3789 ecs
985 3729 1263 3802 suas“tyruunidi8‚

199 3801 290 3886 nrinm
310 3822 436 3892 proprio
458 3823 633 3880 testimonio
654 3832 715 3882 tam
738 3822 819 3878 clare
841 3821 1046 3880 confitentur?
1074 3822 1155 3900 Quid
1177 3825 1262 3880 enim

198 3913 392 3983 disputationi
412 3924 512 3985 potest
528 3917 619 3988 objici
637 3917 792 3974 criminis?
819 3916 892 3990 quid
910 3917 1109 3992 disputatori,
1138 3919 1263 3991 qualem

96 4021 102 4050 ι
197 4005 249 4069 iiie
266 4021 314 4065 nte
333 4005 516 4082 conti-tetur?
534 4007 618 4090 Quid
629 4011 694 4068 istis
707 4011 802 4074 literis
816 4013 933 4074 voluit?
951 4015 998 4070 An
1012 4021 1046 4069 ut
1059 4025 1262 4087 nosceremus
