2686 4560
990 271 1090 380 75⁵7

30 482 140 536 cogor
159 466 234 522 huic
253 472 396 538 portento
416 469 601 540 respondere
618 473 745 546 propter
763 467 806 526 D.
825 465 1013 540 Georgium,
1037 463 1090 542 qui

28 560 118 616 illius
139 562 251 617 insanie
269 562 387 618 infletur
400 561 446 631 ll.

107 657 182 714 Non
200 657 312 714 invitus
329 659 436 726 undio,
454 667 485 714 et
503 671 533 714 te
552 658 613 728 peti
630 675 646 711 a
663 657 785 726 Leone,
805 666 836 713 ut
854 668 935 715 etto
953 676 1089 731 crucem,

29 769 130 823 quem
152 753 196 808 sic
216 753 402 824 praedicasti,
421 755 450 808 in
469 754 640 823 exemplum
661 754 757 818 eriges
778 739 898 808 mondo.
920 755 992 810 Non
1010 757 1090 812 euim
1181 779 1184 794 ¹

31 848 150 902 vellem
166 859 220 900 tuo
234 863 381 918 responso
398 859 573 902 contentum
591 863 656 900 esse
678 849 777 916 lupum
794 848 891 916 illum,
909 850 991 920 quod
1004 825 1105 922 plura¹

32 943 62 995 ei
84 941 247 1008 tribueris,
274 959 362 1012 quem
382 958 500 1013 aequum
520 941 569 995 sit.
607 943 750 996 Sroeoirrt
771 960 804 996 ee
825 942 1089 1015 interpretabitur,
1192 937 1197 958 ⁸

32 1038 126 1107 quasi
146 1038 175 1092 lu
189 1046 288 1090 totum
307 1053 397 1104 neges
419 1053 468 1090 me
484 1048 512 1090 et
533 1036 632 1090 omnio
651 1051 734 1098 mea,
755 1049 913 1106 postquam
929 1037 1091 1108 eumjudi.

31 1148 108 1184 cem
129 1139 158 1184 te
179 1147 335 1201 passurum
358 1132 513 1200 professus
533 1147 575 1184 ee.
619 1129 703 1184 Unrle
723 1129 746 1184 si
768 1145 796 1184 te
817 1130 958 1188 Christus
976 1133 1091 1188 dilexe-

32 1227 99 1292 rit,
130 1239 219 1294 coget
246 1239 276 1280 te
301 1229 336 1282 ed
363 1228 589 1280 revocationem
618 1224 705 1294 hujus
732 1226 857 1294 scripti,
882 1242 953 1280 oum
975 1226 1006 1282 iu
1033 1227 1091 1282 isto
1184 1215 1189 1225 ’

33 1321 126 1374 Bulla
150 1321 296 1376 damnarit
319 1337 427 1388 omne,
458 1320 600 1400 quioquid
618 1322 654 1376 de
674 1319 882 1374 misericordia
902 1319 964 1375 Dei
985 1320 1091 1377 lteole.
1153 1373 1155 1378 ,

32 1431 97 1470 nus
117 1425 147 1468 et
166 1415 296 1470 docuisti
316 1426 344 1470 et
363 1415 496 1490 sapuisti.

111 1508 204 1583 Quod
222 1525 292 1564 cuns
317 1525 377 1564 non
400 1510 563 1578 ignoraris,
590 1509 700 1566 videris
719 1509 793 1566 mihi
814 1526 874 1566 ιιοιι
892 1510 957 1566 sine
975 1461 1091 1602 Christi

35 1605 209 1659 offensione
237 1617 307 1656 eum
336 1621 392 1673 pro
418 1605 520 1673 judice
544 1604 712 1667 advocetur,
740 1619 831 1674 quem
868 1604 953 1658 vides
984 1573 1089 1658 hostili

35 1701 148 1753 furore
175 1696 288 1752 Christi
318 1697 553 1752 adversarium
545 1715 575 1752 ιιι
609 1697 734 1753 verbnm
766 1699 869 1766 gratie
897 1695 1091 1753 debacchari.

37 1793 73 1848 Id
91 1792 171 1846 enim
188 1803 273 1846 tuom
285 1790 389 1846 luisset
404 1807 555 1856 asserere,
576 1799 606 1846 et
622 1807 690 1852 eum
708 1791 797 1862 hujus
814 1791 974 1862 impietatis
988 1791 1090 1846 reder-

36 1903 143 1958 guere.
177 1884 250 1940 Non
272 1885 352 1940 euim
369 1884 422 1940 hio
442 1891 560 1956 tempus
583 1887 729 1951 timendi,
754 1885 809 1942 eed
837 1885 1008 1952 clamandi,
1037 1883 1090 1941 ubi

35 1982 193 2039 Dominus
212 1985 317 2034 noster
334 1975 427 2038 Jeeus
447 1977 587 2034 Christus
607 1981 788 2047 damnetur,
820 1983 942 2034 exuitur
963 1987 993 2034 et
1011 1977 1091 2035 blus.

35 2078 211 2150 phemetur.
237 2073 323 2128 Unde
345 2079 490 2144 quantum
511 2081 544 2126 tu
562 2089 609 2128 me
631 2075 666 2128 ed
685 2073 886 2134 humilitatem
905 2071 1092 2141 exhorteris,
1156 2063 1160 2074 ’

36 2183 157 2227 tontum
177 2185 233 2238 ego
253 2177 283 2222 te
301 2167 338 2222 ed
356 2164 528 2238 superbiam
547 2166 708 2223 exhortor.
733 2167 805 2224 Tibi
825 2169 909 2228 adest
925 2167 1016 2224 nimie
1033 2165 1093 2222 hu.

37 2267 169 2332 milites,
188 2264 268 2318 sicut
286 2261 361 2316 mihi
380 2261 470 2316 nimie
489 2259 639 2332 superbie.

109 2357 222 2414 Verum
239 2357 317 2412 serie
337 2371 385 2411 res
404 2366 470 2412 est:
498 2355 652 2412 Christum
671 2357 808 2414 videmus
832 2357 922 2432 pati.
947 2357 1041 2434 Quod
1064 2357 1091 2416 si

36 2457 186 2512 lmctenue
204 2436 366 2505 tece'ndum
385 2459 415 2504 et
432 2450 650 2506 humiliandum
665 2453 742 2522 luit,
760 2469 840 2508 nunc
859 2461 978 2521 temen,
998 2459 1091 2525 qden.

36 2551 79 2604 do
103 2563 158 2624 per
180 2554 280 2600 totum
306 2542 412 2598 orbem
439 2544 503 2614 ipse
530 2546 663 2618 optimus
687 2546 835 2610 salvator,
867 2547 918 2617 qui
941 2561 1009 2602 oeee
1032 2561 1089 2615 pro

37 2643 129 2700 nobie
148 2641 253 2718 dedis,
280 2635 444 2694 ludibrium
457 2637 613 2708 jactetur:
646 2639 800 2708 obsecro,
826 2655 889 2694 non
905 2637 1090 2715 certabimus
1120 2673 1121 2676 =

37 2757 97 2811 pro
118 2737 176 2792 eol
206 2751 267 2790 ιιοιι
288 2733 466 2804 objiciemus
485 2734 662 2790 cervicem}
688 2731 735 2788 Mi
753 2731 864 2800 Peter,
882 2732 1023 2814 grandius¹
1044 2739 1092 2788 eet

36 2831 229 2908 periculum,
252 2845 340 2900 quem
361 2830 485 2910 credent
504 2829 600 2884 rnulti.
644 2825 700 2880 ilie
720 2825 824 2896 incipit
846 2839 970 2880 currere
991 2825 1094 2898 Evae.
1196 2863 1199 2876 .

37 2927 168 2998 getium:
187 2924 239 2996 qui
255 2939 301 2976 me
319 2921 476 2988 coufessus
493 2923 590 2986 suerit
606 2935 711 2974 coram
728 2916 911 2988 hominihus,
929 2917 1094 2990 coufitebor·

37 3029 67 3077 et
85 3035 140 3094 eqo
157 3033 225 3072 eum
244 3031 349 3080 corum
366 3001 466 3072 Patre
481 3030 565 3070 meo:
590 3015 642 3093 qni
657 3030 706 3070 me
724 3009 890 3085 ονιιὸιιινίι,
918 3012 1092 3071 erubescam

38 3123 68 3170 ol
86 3127 141 3188 eqo
159 3127 237 3168 eum.

109 3207 248 3262 Iuvenior
265 3213 339 3260 'eene
362 3205 509 3276 superbus
520 3242 530 3273 ,
549 3219 675 3273 avarus,
695 3205 829 3274 adulter,
848 3203 1020 3272 homicide,
1040 3219 1092 3260 etr.
1133 3203 1139 3218 '

38 3304 153 3374 tipape,
184 3312 215 3354 et
234 3301 369 3356 omnium
396 3299 539 3354 vitiorum
564 3315 652 3356 reus:
679 3301 772 3356 modo
793 3301 875 3370 impii
900 3297 1007 3355 silentii
1030 3314 1092 3352 nou

37 3411 162 3464 arguar,
191 3395 264 3448 dum
291 3391 442 3448 Dominus
469 3391 580 3463 patitur
607 3403 636 3446 et
661 3395 751 3450 dicit:
776 3393 964 3469 periitfuqo
983 3409 1004 3448 o
1026 3409 1092 3462 me,

37 3500 66 3544 et
85 3505 147 3544 non
166 3495 221 3556 est,
240 3488 293 3560 qui
310 3489 449 3560 requirat
467 3488 605 3542 oninium
624 3505 743 3543 meam:
762 3496 790 3543 et
808 3485 1097 3570 considerahomod
1105 3533 1113 3554 ,

34 3585 197 3650 dextram,
226 3589 254 3636 et
271 3599 332 3638 nou
350 3589 433 3650 erat,
460 3583 511 3658 qui
529 3590 720 3656 coquosceret
737 3599 794 3638 me.
839 3583 914 3649 (Pe.
938 3578 1009 3650 tle,
1034 3579 1090 3650 6.)

34 3683 133 3751 Spero
154 3680 234 3732 enim
260 3693 294 3730 ee
316 3679 507 3734 confessione
526 3677 742 3734 absolvendum
765 3680 801 3734 eb
823 3675 963 3734 omnibus
983 3693 1093 3749 pecca.

36 3777 77 3830 tis
97 3771 183 3828 meis.
219 3769 306 3825 Unde
326 3781 356 3826 et
374 3789 487 3846 cornua
510 3772 615 3838 erexi,
642 3773 672 3828 in
696 3772 758 3828 hoo
781 3773 895 3828 idolum
919 3772 1092 3828 Romanum

36 3881 69 3924 et
87 3881 193 3924 verum
214 3865 437 3919 Antichristunt
453 3883 523 3922 com
542 3865 658 3927 fidncia.
693 3866 767 3928 Non
788 3876 834 3928 eet
848 3867 977 3928 verbum
995 3865 1092 3948 prole,

36 3989 563 4016 ..Ι-..Ἢ

90 4071 119 4120 ·)
147 4063 207 4119 oet
221 4065 247 4152 t,
257 4064 304 4114 ue.
319 4069 342 4116 t.
359 4065 394 4114 tt.
408 4063 468 4118 zet.
