2686 4558
200 295 269 374 aar
537 361 541 370 r
683 297 773 368 rna.

151 471 157 488 .
199 463 242 558 S·
263 501 397 572 lugentia
413 499 521 559 tuaein
538 514 587 556 me
607 499 696 568 fidei,
721 500 769 556 vir
788 497 917 572 optime,
935 461 1041 555 literae
1060 513 1141 556 enm
1159 499 1283 570 gaudio

201 609 233 656 et
254 597 401 654 miraculo
423 597 489 666 legi.
540 595 622 669 Quid
650 595 729 650 enim
754 611 815 648 nou
840 591 983 648 mentilur
1011 594 1199 650 virulentus
1231 595 1283 651 ille

200 710 327 768 serpena
351 693 516 764 antiquus?
554 687 606 744 De
634 689 836 761 disputatione
861 688 906 743 sic
932 687 1037 743 babet.
1074 687 1284 746 Praeaidebet

97 817 105 841 0
201 787 404 864 carlstadius,
428 801 484 854 ego
512 800 581 842 cnm
606 783 723 842 caeteris
747 797 843 864 more
859 770 950 856 solito
975 781 1162 851 arguebam.
1201 781 1283 838 Erat

200 891 267 946 tum
285 881 429 955 quaestio:
449 897 485 935 an
503 878 643 935 Christus
661 877 690 933 in
708 875 846 949 passione
861 876 949 930 etiam
965 875 1145 932 reluctatus
1165 877 1283 934 tutarer

201 976 349 1036 voluntati
371 975 496 1036 Patria?
515 965 629 1028 Petivit
649 973 729 1028 enim
743 969 855 1026 auferri
877 971 1026 1036 calicem,
1051 971 1146 1043 quod
1168 974 1281 1044 utique

201 1084 248 1128 eat
267 1070 348 1126 nolle
366 1081 397 1124 et
413 1067 574 1130 reluctari:
592 1065 699 1122 deinde
718 1065 838 1137 profert
854 1063 1086 1135 argumentum,
1106 1075 1148 1123 ut
1165 1069 1281 1124 nolens

201 1162 300 1238 pdttit
323 1163 381 1220 dici
406 1164 513 1219 odient
537 1169 568 1216 at
594 1160 727 1216 rebellis.
763 1157 840 1236 Quae
856 1168 890 1215 ut
908 1159 1119 1229 negabantur,
1153 1161 1200 1217 ita
1223 1179 1282 1218 neo

201 1259 421 1334 probabantur.
456 1255 541 1314 Nihil
561 1257 642 1312 enim
661 1265 809 1312 assertum
826 1263 890 1322 eet,
916 1255 971 1310 aed
994 1263 1119 1310 tantum
1145 1265 1282 1312 contro

201 1364 327 1411 versum
347 1351 544 1408 familiariter.
580 1349 722 1421 Quanta,
749 1365 868 1421 quanto,
896 1349 1035 1405 solemne
1049 1349 1165 1416 dicere
1187 1367 1280 1422 argu.

201 1457 372 1506 inerrantes
393 1447 532 1504 etiamio
549 1445 713 1501 sententiaa
734 1443 921 1499 catholicas?
947 1442 1062 1499 Nonne
1080 1445 1182 1504 etiam
1204 1447 1281 1501 arti.

130 1571 133 1582 ·
202 1545 290 1599 culon
306 1541 375 1598 fidei
392 1541 527 1597 solemus
546 1540 742 1612 impugnare?
761 1537 833 1609 quid
851 1553 924 1608 ergo
943 1539 1098 1594 insaniunt
1119 1539 1167 1596 illi
1183 1541 1278 1597 bodie

200 1622 366 1693 mendaciis
386 1636 468 1706 ouis,
494 1635 645 1702 dicenter,
671 1649 720 1688 me
737 1632 921 1704 asseruisse,
936 1649 1016 1690 ,cum
1038 1637 1276 1704 argumentandi

200 1731 263 1802 ritu
281 1745 491 1804 oppugnarem¹
503 1729 667 1796 duntaxat,
691 1725 764 1782 nihil
785 1741 946 1798 asserent,
971 1729 1035 1784 imo
1053 1729 1159 1802 palam
1181 1729 1278 1786 confi.

201 1833 286 1894 teat,
307 1839 361 1880 nne
390 1807 452 1880 non
476 1821 641 1891 intelligere
667 1821 767 1897 omnia
792 1823 933 1891 mysteria
954 1823 1110 1895 passionis
1132 1823 1276 1882 Christi?

200 1919 338 1996 Nescio,
356 1928 393 1974 an
414 1917 503 1974 simul
522 1915 595 1972 illud
613 1914 752 1988 Apostoli
768 1917 1018 1974 tractaverimus:
1045 1933 1118 1973 eum
1136 1921 1197 1993 qtar'
1214 1935 1276 1976 non
1338 1945 1339 2008 p

201 2015 286 2071 novit
295 2009 563 2084 peccatum,secit
577 2018 751 2081 peccatum,
770 2023 801 2066 ot
813 2011 870 2068 alia
881 2012 1038 2084 quandam,
1056 2030 1126 2085 qua
1141 2013 1274 2071 Christo

201 2117 382 2190 peccatum,
400 2107 612 2176 maledictum,
631 2106 871 2178 desperationem
891 2105 1050 2176 tribuunt,
1070 2108 1176 2182 qualia
1193 2109 1273 2165 solet
1339 2183 1340 2186 Ἴ

80 2263 83 2275 ,
200 2197 315 2260 Paulut'
343 2211 375 2258 et
398 2203 577 2276 propheta,
614 2207 770 2274 quaecum
789 2198 923 2256 nondum
943 2203 1119 2274 capiamus,
1149 2203 1270 2275 justum

202 2305 269 2364 eet,
288 2303 323 2350 ot
341 2294 417 2350 nihil
434 2297 618 2352 adaeramua.
654 2292 722 2364 Ego
741 2293 827 2368 plana
845 2295 883 2352 de
900 2297 958 2353 iata
975 2298 1107 2354 materia
1125 2299 1270 2358 dolorm
1340 2321 1341 2340 .

202 2389 318 2444 Chrieti
342 2387 417 2445 nihil
438 2395 570 2462 unquam
592 2387 714 2460 publice
734 2390 900 2462 disputavi,
924 2393 969 2447 aic
985 2409 1047 2448 nnc
1066 2393 1137 2450 scio
1159 2403 1268 2467 prater

201 2480 232 2540 ld
251 2484 439 2554 argumenti,
457 2485 540 2556 quod
557 2499 648 2556 supra
666 2485 739 2542 dixi.
776 2485 805 2540 Si
828 2485 895 2556 qnia
915 2485 994 2542 aliut
1013 2489 1052 2544 de
1070 2505 1124 2544 me
1143 2489 1267 2555 dixerit,

139 2611 144 2622 ·
200 2577 519 2650 poteris'constanter
539 2593 609 2634 eum
630 2579 779 2635 mendacii
802 2593 928 2649 arguere
946 2587 1023 2636 teate
1043 2582 1095 2638 vel
1125 2592 1194 2639 toto
1217 2597 1266 2637 an.

201 2673 316 2730 ditorio
330 2655 450 2732 nostro.
486 2653 636 2729 Desinant
647 2673 749 2746 itaque
766 2673 907 2743 virulenti
926 2686 1194 2744 argumentantem
1210 2677 1267 2732 cri.

150 2769 153 2779 ’
201 2768 330 2837 minari,
348 2775 400 2824 aut
418 2783 506 2825 auum
524 2766 697 2836 Thurinum,
715 2767 766 2839 qui
787 2769 888 2856 orpnia
900 2765 1080 2826 ‘Christiana
1099 2773 1266 2844 impugnat,

203 2864 357 2931 arguendo
378 2879 436 2934 pro
458 2871 487 2918 et
505 2871 633 2930 contra,
651 2861 735 2935 priua
753 2863 905 2919 damnent.
941 2869 988 2920 An
1012 2867 1123 2923 volent
1143 2884 1202 2924 nos
1220 2883 1266 2922 oa-

201 2972 297 3028 pere,
323 2972 362 3011 ne
383 2957 664 3030 liceat‘disputandi
689 2957 750 3014 ritu
779 2967 810 3016 at
835 2959 968 3015 discendi
997 2961 1095 3030 gratia
1120 2961 1265 3017 articulos

90 3109 92 3116 s
202 3048 270 3107 fidei
290 3049 489 3121 impugnare?
518 3049 619 3108 Pudet
638 3067 689 3110 me
708 3067 762 3124 per
784 3053 841 3110 iata
860 3061 1031 3115 commenta
1053 3055 1143 3112 nihili
1165 3055 1213 3111 vel
1236 3065 1265 3110 te

148 3147 152 3152 '
202 3161 297 3200 unum
324 3145 369 3200 sic
390 3145 592 3202 commoveri.
628 3145 685 3202 Sed
703 3145 798 3203 habea
817 3147 931 3203 factum
950 3159 981 3204 ot
998 3159 1137 3206 mentem
1155 3165 1265 3205 meam

270 3239 322 3296 De
337 3237 434 3294 Eccio
457 3237 532 3296 nihil
552 3239 650 3296 adhuc
669 3241 757 3310 solo,
778 3241 837 3302 nisi
856 3245 975 3302 venisse
995 3261 1065 3304 eum
1083 3247 1264 3314 barbatum.

201 3333 369 3404 bullatum,
394 3341 592 3390 nummatum.
633 3333 698 3390 Det
716 3325 887 3408 Dominus,v
907 3349 942 3395 ut
964 3357 1041 3397 unus
1060 3343 1102 3399 sit
1122 3343 1268 3400 articulo.

202 3443 271 3483 rum
294 3427 525 3486 damnatorum}
550 3444 676 3484 saccum
692 3429 933 3490 Mendicnntinm
951 3435 1067 3492 nullum
1099 3453 1190 3507 etse,
1214 3455 1269 3510 op.

202 3521 336 3579 tandum.
372 3521 492 3583 Ridebo
513 3531 619 3592 etego
636 3523 750 3580 bullam
770 3527 834 3582 aive
855 3529 1025 3601 ampullam.
1062 3529 1164 3589 Mitto
1181 3531 1269 3590 Mat·

205 3612 325 3670 serium.
360 3615 515 3676 Dominus
535 3627 699 3675 conservet
715 3628 745 3675 te
767 3620 797 3675 in
815 3631 981 3694 aeternum,
999 3627 1110 3684 Amen.
1148 3627 1198 3684 Mi
1218 3644 1269 3684 ca.

204 3705 323 3774 rissime
341 3707 520 3784 Guntherei
536 3713 631 3771 vale.‹
650 3713 850 3786 Witteb.,dip
865 3717 1043 3780 Wencealai
1060 3719 1204 3780 Mun

486 3944 1012 3978 Ρ--ι-ιι-ὴ-ι-ω
