<?xml version="1.0" encoding="UTF-8"?>
<!DOCTYPE html PUBLIC "-//W3C//DTD XHTML 1.0 Transitional//EN"
    "http://www.w3.org/TR/xhtml1/DTD/xhtml1-transitional.dtd">
<html xmlns="http://www.w3.org/1999/xhtml" xml:lang="en" lang="en">
 <head>
  <title>
</title>
<meta http-equiv="Content-Type" content="text/html;charset=utf-8" />
  <meta name='ocr-system' content='tesseract 3.04.00' />
  <meta name='ocr-capabilities' content='ocr_page ocr_carea ocr_par ocr_line ocrx_word'/>
</head>
<body>
  <div class='ocr_page' id='page_1' title='image "./briefesendschre07luthgoog/briefesendschre07luthgoog_0629.png"; bbox 0 0 2686 4560; ppageno 0'>
   <div class='ocr_carea' id='block_1_1' title="bbox 209 274 784 350">
    <p class='ocr_par' dir='ltr' id='par_1_1' title="bbox 209 274 784 350">
     <span class='ocr_line' id='line_1_1' title="bbox 209 274 784 350; baseline -0.005 -6"><span class='ocrx_word' id='word_1_1' title='bbox 209 275 276 349; x_wconf 71' lang='lat'>590</span> <span class='ocrx_word' id='word_1_2' title='bbox 686 274 784 350; x_wconf 71' lang='lat' dir='ltr'>,stat</span> 
     </span>
    </p>
   </div>
   <div class='ocr_carea' id='block_1_2' title="bbox 209 403 1292 578">
    <p class='ocr_par' dir='ltr' id='par_1_2' title="bbox 209 403 1292 578">
     <span class='ocr_line' id='line_1_2' title="bbox 209 403 1292 490; baseline 0.004 -8"><span class='ocrx_word' id='word_1_3' title='bbox 209 434 284 490; x_wconf 67' lang='lat' dir='ltr'>saon</span> <span class='ocrx_word' id='word_1_4' title='bbox 303 433 355 482; x_wconf 72' lang='lat' dir='ltr'>nm</span> <span class='ocrx_word' id='word_1_5' title='bbox 374 433 421 480; x_wconf 72' lang='lat' dir='ltr'>ane</span> <span class='ocrx_word' id='word_1_6' title='bbox 440 431 555 488; x_wconf 72' lang='lat' dir='ltr'>arnan</span> <span class='ocrx_word' id='word_1_7' title='bbox 575 431 654 486; x_wconf 70' lang='lat' dir='ltr'>(stat.</span> <span class='ocrx_word' id='word_1_8' title='bbox 669 403 785 490; x_wconf 72' lang='lat' dir='ltr'>corat)</span> <span class='ocrx_word' id='word_1_9' title='bbox 807 433 841 484; x_wconf 77' lang='lat' dir='ltr'>nr</span> <span class='ocrx_word' id='word_1_10' title='bbox 858 433 931 484; x_wconf 77' lang='lat' dir='ltr'>con</span> <span class='ocrx_word' id='word_1_11' title='bbox 950 435 1059 488; x_wconf 71' lang='grc' dir='ltr'><strong>οιιιη.</strong></span> <span class='ocrx_word' id='word_1_12' title='bbox 1077 434 1133 485; x_wconf 71' lang='lat' dir='ltr'>m,</span> <span class='ocrx_word' id='word_1_13' title='bbox 1154 436 1178 490; x_wconf 76' lang='lat' dir='ltr'>r.</span> <span class='ocrx_word' id='word_1_14' title='bbox 1208 434 1292 488; x_wconf 71' lang='lat' dir='ltr'>stit</span> 
     </span>
     <span class='ocr_line' id='line_1_3' title="bbox 210 519 469 578; baseline 0 -6"><span class='ocrx_word' id='word_1_15' title='bbox 210 524 305 572; x_wconf 66' lang='lat' dir='ltr'>earn.</span> <span class='ocrx_word' id='word_1_16' title='bbox 331 519 469 578; x_wconf 64' lang='lat' dir='ltr'>torrido.</span> 
     </span>
    </p>
   </div>
   <div class='ocr_carea' id='block_1_3' title="bbox 145 568 1291 801">
    <p class='ocr_par' dir='ltr' id='par_1_3' title="bbox 145 568 1291 801">
     <span class='ocr_line' id='line_1_4' title="bbox 663 568 700 612; baseline 0 -38"><span class='ocrx_word' id='word_1_17' title='bbox 663 568 700 612; x_wconf 70' lang='lat' dir='ltr'>r&#39;</span> 
     </span>
     <span class='ocr_line' id='line_1_5' title="bbox 145 677 1291 801; baseline 0 -17"><span class='ocrx_word' id='word_1_18' title='bbox 145 725 151 735; x_wconf 89' lang='lat'>&#39;</span> <span class='ocrx_word' id='word_1_19' title='bbox 210 677 414 786; x_wconf 52' lang='lat' dir='ltr'>Gratirm&#39;sr</span> <span class='ocrx_word' id='word_1_20' title='bbox 438 741 544 801; x_wconf 75' lang='lat' dir='ltr'>pacem</span> <span class='ocrx_word' id='word_1_21' title='bbox 567 743 638 786; x_wconf 83' lang='lat' dir='ltr'>cuna</span> <span class='ocrx_word' id='word_1_22' title='bbox 668 707 756 790; x_wconf 75' lang='lat' dir='ltr'>omni</span> <span class='ocrx_word' id='word_1_23' title='bbox 773 725 964 800; x_wconf 83' lang='lat' dir='ltr'>subjectione</span> <span class='ocrx_word' id='word_1_24' title='bbox 990 729 1061 797; x_wconf 83' lang='lat' dir='ltr'>sni,</span> <span class='ocrx_word' id='word_1_25' title='bbox 1094 728 1129 784; x_wconf 90' lang='lat' dir='ltr'>in</span> <span class='ocrx_word' id='word_1_26' title='bbox 1154 727 1291 785; x_wconf 83' lang='lat' dir='ltr'>Christo</span> 
     </span>
    </p>
   </div>
   <div class='ocr_carea' id='block_1_4' title="bbox 208 819 1291 996">
    <p class='ocr_par' dir='ltr' id='par_1_4' title="bbox 208 819 1291 996">
     <span class='ocr_line' id='line_1_6' title="bbox 208 819 1290 908; baseline -0.006 -24"><span class='ocrx_word' id='word_1_27' title='bbox 208 824 287 884; x_wconf 78' lang='lat' dir='ltr'>Jeru&#39;</span> <span class='ocrx_word' id='word_1_28' title='bbox 300 819 437 882; x_wconf 81' lang='lat' dir='ltr'>Domino</span> <span class='ocrx_word' id='word_1_29' title='bbox 451 832 572 882; x_wconf 85' lang='lat' dir='ltr'>nostro.</span> <span class='ocrx_word' id='word_1_30' title='bbox 607 823 803 882; x_wconf 77' lang='lat' dir='ltr'>serenissime</span> <span class='ocrx_word' id='word_1_31' title='bbox 820 835 852 880; x_wconf 86' lang='lat' dir='ltr'>et</span> <span class='ocrx_word' id='word_1_32' title='bbox 863 823 1073 908; x_wconf 34' lang='lat' dir='ltr'>&#39;invictissime</span> <span class='ocrx_word' id='word_1_33' title='bbox 1094 823 1290 895; x_wconf 72' lang='lat' dir='ltr'>Imperator,</span> 
     </span>
     <span class='ocr_line' id='line_1_7' title="bbox 210 915 1291 996; baseline -0.003 -20"><span class='ocrx_word' id='word_1_34' title='bbox 210 919 291 977; x_wconf 88' lang='lat' dir='ltr'>idem</span> <span class='ocrx_word' id='word_1_35' title='bbox 312 917 447 996; x_wconf 77' lang='lat' dir='ltr'>Domino</span> <span class='ocrx_word' id='word_1_36' title='bbox 479 917 733 988; x_wconf 85' lang='lat' dir='ltr'>clementissime,</span> <span class='ocrx_word' id='word_1_37' title='bbox 764 933 834 976; x_wconf 87' lang='lat' dir='ltr'>enm</span> <span class='ocrx_word' id='word_1_38' title='bbox 856 933 944 974; x_wconf 76' lang='lat' dir='ltr'>soors</span> <span class='ocrx_word' id='word_1_39' title='bbox 973 927 1027 974; x_wconf 84' lang='lat' dir='ltr'>tua</span> <span class='ocrx_word' id='word_1_40' title='bbox 1052 915 1218 990; x_wconf 65' lang='lat' dir='ltr'>Majoetrr</span> <span class='ocrx_word' id='word_1_41' title='bbox 1237 933 1291 973; x_wconf 81' lang='lat' dir='ltr'>me</span> 
     </span>
    </p>
   </div>
   <div class='ocr_carea' id='block_1_5' title="bbox 110 1011 1291 1090">
    <p class='ocr_par' dir='ltr' id='par_1_5' title="bbox 110 1011 1291 1090">
     <span class='ocr_line' id='line_1_8' title="bbox 110 1011 1291 1090; baseline -0.003 -20"><span class='ocrx_word' id='word_1_42' title='bbox 110 1027 112 1034; x_wconf 91' lang='grc'><strong><em>·</em></strong></span> <span class='ocrx_word' id='word_1_43' title='bbox 208 1013 330 1090; x_wconf 84' lang='lat' dir='ltr'>publiea</span> <span class='ocrx_word' id='word_1_44' title='bbox 350 1013 409 1070; x_wconf 82' lang='lat' dir='ltr'>lide</span> <span class='ocrx_word' id='word_1_45' title='bbox 428 1011 588 1088; x_wconf 80' lang='lat' dir='ltr'>liberoque</span> <span class='ocrx_word' id='word_1_46' title='bbox 610 1015 764 1072; x_wconf 82' lang='lat' dir='ltr'>conductu</span> <span class='ocrx_word' id='word_1_47' title='bbox 788 1019 947 1070; x_wconf 71' lang='lat' dir='ltr'>evocasset</span> <span class='ocrx_word' id='word_1_48' title='bbox 966 1011 1208 1083; x_wconf 77' lang='lat' dir='ltr'>wormatiam,</span> <span class='ocrx_word' id='word_1_49' title='bbox 1235 1028 1291 1068; x_wconf 78' lang='lat' dir='ltr'>ex.</span> 
     </span>
    </p>
   </div>
   <div class='ocr_carea' id='block_1_6' title="bbox 129 1107 1340 2321">
    <p class='ocr_par' dir='ltr' id='par_1_6' title="bbox 129 1107 1295 1654">
     <span class='ocr_line' id='line_1_9' title="bbox 129 1107 1295 1182; baseline -0.002 -16"><span class='ocrx_word' id='word_1_50' title='bbox 129 1157 132 1166; x_wconf 90' lang='lat'><em>.</em></span> <span class='ocrx_word' id='word_1_51' title='bbox 209 1107 365 1182; x_wconf 84' lang='lat' dir='ltr'>ploratura</span> <span class='ocrx_word' id='word_1_52' title='bbox 386 1109 519 1164; x_wconf 81' lang='lat' dir='ltr'>animum</span> <span class='ocrx_word' id='word_1_53' title='bbox 540 1124 642 1164; x_wconf 84' lang='lat' dir='ltr'>meum</span> <span class='ocrx_word' id='word_1_54' title='bbox 667 1123 759 1180; x_wconf 84' lang='lat' dir='ltr'>snper</span> <span class='ocrx_word' id='word_1_55' title='bbox 777 1107 887 1166; x_wconf 73' lang='lat' dir='ltr'>libellis</span> <span class='ocrx_word' id='word_1_56' title='bbox 913 1107 1039 1164; x_wconf 87' lang='lat' dir='ltr'>nomine</span> <span class='ocrx_word' id='word_1_57' title='bbox 1068 1121 1146 1163; x_wconf 85' lang='lat' dir='ltr'>meo</span> <span class='ocrx_word' id='word_1_58' title='bbox 1177 1107 1295 1176; x_wconf 76' lang='lat' dir='ltr'>editis,</span> 
     </span>
     <span class='ocr_line' id='line_1_10' title="bbox 209 1186 1290 1274; baseline -0.003 -14"><span class='ocrx_word' id='word_1_59' title='bbox 209 1213 242 1260; x_wconf 84' lang='lat' dir='ltr'>et</span> <span class='ocrx_word' id='word_1_60' title='bbox 258 1219 316 1274; x_wconf 76' lang='lat' dir='ltr'>ego</span> <span class='ocrx_word' id='word_1_61' title='bbox 331 1219 404 1264; x_wconf 81' lang='lat' dir='ltr'>enm</span> <span class='ocrx_word' id='word_1_62' title='bbox 422 1203 506 1260; x_wconf 82' lang='lat' dir='ltr'>omni</span> <span class='ocrx_word' id='word_1_63' title='bbox 523 1201 692 1263; x_wconf 84' lang='lat' dir='ltr'>hnmilitate</span> <span class='ocrx_word' id='word_1_64' title='bbox 713 1217 818 1260; x_wconf 84' lang='lat' dir='ltr'>coram</span> <span class='ocrx_word' id='word_1_65' title='bbox 837 1199 867 1260; x_wconf 88' lang='lat' dir='ltr'>S.</span> <span class='ocrx_word' id='word_1_66' title='bbox 884 1201 1053 1274; x_wconf 66' lang='lat' dir='ltr'>Maiestate</span> <span class='ocrx_word' id='word_1_67' title='bbox 1077 1211 1136 1258; x_wconf 76' lang='lat' dir='ltr'>mr</span> <span class='ocrx_word' id='word_1_68' title='bbox 1159 1186 1290 1259; x_wconf 58' lang='lat' dir='ltr'>u&#39;nrvrr.</span> 
     </span>
     <span class='ocr_line' id='line_1_11' title="bbox 209 1296 1286 1370; baseline -0.004 -14"><span class='ocrx_word' id='word_1_69' title='bbox 209 1313 308 1370; x_wconf 79' lang='lat' dir='ltr'>eoque</span> <span class='ocrx_word' id='word_1_70' title='bbox 326 1298 443 1356; x_wconf 87' lang='lat' dir='ltr'>Ordine</span> <span class='ocrx_word' id='word_1_71' title='bbox 466 1297 590 1370; x_wconf 85' lang='lat' dir='ltr'>Imperii</span> <span class='ocrx_word' id='word_1_72' title='bbox 614 1299 873 1370; x_wconf 80' lang='lat' dir='ltr'>comparuissem.</span> <span class='ocrx_word' id='word_1_73' title='bbox 905 1296 1055 1356; x_wconf 82' lang='lat' dir='ltr'>obediens</span> <span class='ocrx_word' id='word_1_74' title='bbox 1075 1303 1150 1370; x_wconf 68' lang='lat' dir='ltr'>pe!</span> <span class='ocrx_word' id='word_1_75' title='bbox 1162 1299 1286 1354; x_wconf 82' lang='lat' dir='ltr'>omnia:</span> 
     </span>
     <span class='ocr_line' id='line_1_12' title="bbox 209 1392 1285 1466; baseline 0.002 -20"><span class='ocrx_word' id='word_1_76' title='bbox 209 1394 341 1465; x_wconf 88' lang='lat' dir='ltr'>proponi</span> <span class='ocrx_word' id='word_1_77' title='bbox 355 1393 429 1450; x_wconf 89' lang='lat' dir='ltr'>mihi</span> <span class='ocrx_word' id='word_1_78' title='bbox 450 1395 602 1450; x_wconf 78' lang='lat' dir='ltr'>mandevit</span> <span class='ocrx_word' id='word_1_79' title='bbox 621 1394 652 1449; x_wconf 86' lang='lat' dir='ltr'>S.</span> <span class='ocrx_word' id='word_1_80' title='bbox 670 1393 818 1466; x_wconf 78' lang='lat' dir='ltr'>Majettns</span> <span class='ocrx_word' id='word_1_81' title='bbox 834 1403 886 1450; x_wconf 87' lang='lat' dir='ltr'>tua</span> <span class='ocrx_word' id='word_1_82' title='bbox 903 1393 934 1448; x_wconf 90' lang='lat' dir='ltr'>in</span> <span class='ocrx_word' id='word_1_83' title='bbox 954 1392 1084 1466; x_wconf 72' lang='lat' dir='ltr'>primis,</span> <span class='ocrx_word' id='word_1_84' title='bbox 1103 1409 1144 1448; x_wconf 79' lang='lat' dir='ltr'>en</span> <span class='ocrx_word' id='word_1_85' title='bbox 1159 1392 1285 1451; x_wconf 79' lang='lat' dir='ltr'>libellos</span> 
     </span>
     <span class='ocr_line' id='line_1_13' title="bbox 177 1469 1282 1562; baseline 0 -18"><span class='ocrx_word' id='word_1_86' title='bbox 177 1529 180 1534; x_wconf 83' lang='lat'><em>-</em></span> <span class='ocrx_word' id='word_1_87' title='bbox 206 1469 375 1562; x_wconf 55' lang='lat' dir='ltr'>predictos</span> <span class='ocrx_word' id='word_1_88' title='bbox 398 1490 596 1560; x_wconf 68' lang='lat' dir='ltr'>agnoscerem</span> <span class='ocrx_word' id='word_1_89' title='bbox 621 1499 761 1561; x_wconf 83' lang='lat' dir='ltr'>tanquam</span> <span class='ocrx_word' id='word_1_90' title='bbox 779 1489 886 1545; x_wconf 83' lang='lat' dir='ltr'>meos?</span> <span class='ocrx_word' id='word_1_91' title='bbox 898 1493 943 1542; x_wconf 85' lang='lat' dir='ltr'>et</span> <span class='ocrx_word' id='word_1_92' title='bbox 965 1493 1005 1542; x_wconf 70' lang='lat' dir='ltr'>ut</span> <span class='ocrx_word' id='word_1_93' title='bbox 1028 1503 1188 1544; x_wconf 78' lang='lat' dir='ltr'>revocare</span> <span class='ocrx_word' id='word_1_94' title='bbox 1208 1503 1282 1555; x_wconf 82' lang='lat' dir='ltr'>eor,</span> 
     </span>
     <span class='ocr_line' id='line_1_14' title="bbox 209 1582 997 1654; baseline 0.001 -16"><span class='ocrx_word' id='word_1_95' title='bbox 209 1582 258 1638; x_wconf 85' lang='lat' dir='ltr'>vel</span> <span class='ocrx_word' id='word_1_96' title='bbox 276 1583 307 1637; x_wconf 90' lang='lat' dir='ltr'>in</span> <span class='ocrx_word' id='word_1_97' title='bbox 325 1583 369 1638; x_wconf 87' lang='lat' dir='ltr'>eis</span> <span class='ocrx_word' id='word_1_98' title='bbox 386 1597 585 1654; x_wconf 74' lang='lat' dir='ltr'>perseverato</span> <span class='ocrx_word' id='word_1_99' title='bbox 604 1592 725 1652; x_wconf 77' lang='lat' dir='ltr'>paratos</span> <span class='ocrx_word' id='word_1_100' title='bbox 743 1599 859 1652; x_wconf 83' lang='lat' dir='ltr'>essem,</span> <span class='ocrx_word' id='word_1_101' title='bbox 878 1585 997 1639; x_wconf 77' lang='lat' dir='ltr'>necne?</span> 
     </span>
    </p>

    <p class='ocr_par' dir='ltr' id='par_1_7' title="bbox 209 1668 1340 2321">
     <span class='ocr_line' id='line_1_15' title="bbox 275 1668 1279 1747; baseline 0.002 -15"><span class='ocrx_word' id='word_1_102' title='bbox 275 1673 346 1745; x_wconf 75' lang='lat' dir='ltr'>Ego</span> <span class='ocrx_word' id='word_1_103' title='bbox 368 1693 461 1747; x_wconf 83' lang='lat' dir='ltr'>vero,</span> <span class='ocrx_word' id='word_1_104' title='bbox 478 1675 531 1744; x_wconf 74' lang='lat' dir='ltr'>nbi</span> <span class='ocrx_word' id='word_1_105' title='bbox 550 1691 637 1734; x_wconf 84' lang='lat' dir='ltr'>meos</span> <span class='ocrx_word' id='word_1_106' title='bbox 658 1691 725 1734; x_wconf 84' lang='lat' dir='ltr'>esse</span> <span class='ocrx_word' id='word_1_107' title='bbox 744 1676 937 1746; x_wconf 69' lang='lat' dir='ltr'>agnovissem</span> <span class='ocrx_word' id='word_1_108' title='bbox 956 1675 1076 1746; x_wconf 88' lang='lat' dir='ltr'>(modo</span> <span class='ocrx_word' id='word_1_109' title='bbox 1089 1668 1213 1736; x_wconf 69' lang='lat' dir='ltr'>&#39;nudius</span> <span class='ocrx_word' id='word_1_110' title='bbox 1230 1679 1279 1734; x_wconf 85' lang='lat' dir='ltr'>vel</span> 
     </span>
     <span class='ocr_line' id='line_1_16' title="bbox 209 1770 1275 1846; baseline 0.002 -20"><span class='ocrx_word' id='word_1_111' title='bbox 209 1770 374 1828; x_wconf 81' lang='lat' dir='ltr'>edversarii</span> <span class='ocrx_word' id='word_1_112' title='bbox 394 1771 549 1830; x_wconf 73' lang='lat' dir='ltr'>relsoioii</span> <span class='ocrx_word' id='word_1_113' title='bbox 564 1772 691 1842; x_wconf 62' lang='lat' dir='ltr'>,iugenio</span> <span class='ocrx_word' id='word_1_114' title='bbox 722 1780 753 1828; x_wconf 84' lang='lat' dir='ltr'>et</span> <span class='ocrx_word' id='word_1_115' title='bbox 783 1781 847 1830; x_wconf 89' lang='lat' dir='ltr'>arte</span> <span class='ocrx_word' id='word_1_116' title='bbox 868 1773 1038 1846; x_wconf 75' lang='lat' dir='ltr'>quidquem</span> <span class='ocrx_word' id='word_1_117' title='bbox 1055 1775 1090 1830; x_wconf 87' lang='lat' dir='ltr'>in</span> <span class='ocrx_word' id='word_1_118' title='bbox 1109 1775 1153 1831; x_wconf 86' lang='lat' dir='ltr'>eir</span> <span class='ocrx_word' id='word_1_119' title='bbox 1171 1777 1275 1831; x_wconf 76' lang='lat' dir='ltr'>iuver.</span> 
     </span>
     <span class='ocr_line' id='line_1_17' title="bbox 210 1866 1340 1937; baseline -0.002 -13"><span class='ocrx_word' id='word_1_120' title='bbox 210 1883 278 1924; x_wconf 83' lang='lat' dir='ltr'>sum</span> <span class='ocrx_word' id='word_1_121' title='bbox 299 1873 515 1924; x_wconf 73' lang='lat' dir='ltr'>solennitatum</span> <span class='ocrx_word' id='word_1_122' title='bbox 534 1867 642 1937; x_wconf 84' lang='lat' dir='ltr'>esset),</span> <span class='ocrx_word' id='word_1_123' title='bbox 659 1866 792 1924; x_wconf 76' lang='lat' dir='ltr'>indicavi</span> <span class='ocrx_word' id='word_1_124' title='bbox 809 1883 880 1924; x_wconf 86' lang='lat' dir='ltr'>cnm</span> <span class='ocrx_word' id='word_1_125' title='bbox 899 1869 1074 1925; x_wconf 79' lang='lat' dir='ltr'>reverentis</span> <span class='ocrx_word' id='word_1_126' title='bbox 1087 1879 1118 1925; x_wconf 88' lang='lat' dir='ltr'>et</span> <span class='ocrx_word' id='word_1_127' title='bbox 1135 1869 1269 1928; x_wconf 64' lang='lat' dir='ltr'>mnir-</span> <span class='ocrx_word' id='word_1_128' title='bbox 1339 1911 1340 1922; x_wconf 67' lang='grc'>,</span> 
     </span>
     <span class='ocr_line' id='line_1_18' title="bbox 209 1961 1266 2036; baseline 0 -16"><span class='ocrx_word' id='word_1_129' title='bbox 209 1961 438 2035; x_wconf 74' lang='lat' dir='ltr'>sione-mults,</span> <span class='ocrx_word' id='word_1_130' title='bbox 471 1979 541 2018; x_wconf 88' lang='lat' dir='ltr'>enm</span> <span class='ocrx_word' id='word_1_131' title='bbox 565 1962 642 2020; x_wconf 82' lang='lat' dir='ltr'>mihi</span> <span class='ocrx_word' id='word_1_132' title='bbox 666 1977 733 2019; x_wconf 85' lang='lat' dir='ltr'>esse</span> <span class='ocrx_word' id='word_1_133' title='bbox 757 1962 908 2032; x_wconf 85' lang='lat' dir='ltr'>animum,</span> <span class='ocrx_word' id='word_1_134' title='bbox 940 1964 1026 2036; x_wconf 86' lang='lat' dir='ltr'>quod</span> <span class='ocrx_word' id='word_1_135' title='bbox 1060 1979 1129 2020; x_wconf 81' lang='lat' dir='ltr'>enm</span> <span class='ocrx_word' id='word_1_136' title='bbox 1149 1963 1266 2020; x_wconf 64' lang='lat' dir='ltr'>intuor</span> 
     </span>
     <span class='ocr_line' id='line_1_19' title="bbox 210 2048 1269 2132; baseline 0.001 -19"><span class='ocrx_word' id='word_1_137' title='bbox 210 2048 309 2115; x_wconf 78' lang='lat' dir='ltr'>oreos‘</span> <span class='ocrx_word' id='word_1_138' title='bbox 320 2058 411 2115; x_wconf 80' lang='lat' dir='ltr'>claris</span> <span class='ocrx_word' id='word_1_139' title='bbox 434 2067 466 2115; x_wconf 91' lang='lat' dir='ltr'>et</span> <span class='ocrx_word' id='word_1_140' title='bbox 483 2059 596 2132; x_wconf 81' lang='lat' dir='ltr'>apertis</span> <span class='ocrx_word' id='word_1_141' title='bbox 610 2058 706 2115; x_wconf 83' lang='lat' dir='ltr'>saeris</span> <span class='ocrx_word' id='word_1_142' title='bbox 726 2057 885 2128; x_wconf 84' lang='lat' dir='ltr'>seripturis</span> <span class='ocrx_word' id='word_1_143' title='bbox 902 2058 1103 2125; x_wconf 84' lang='lat' dir='ltr'>muniissem,</span> <span class='ocrx_word' id='word_1_144' title='bbox 1119 2059 1194 2115; x_wconf 84' lang='lat' dir='ltr'>mihi</span> <span class='ocrx_word' id='word_1_145' title='bbox 1210 2075 1269 2114; x_wconf 77' lang='lat' dir='ltr'>noe</span> 
     </span>
     <span class='ocr_line' id='line_1_20' title="bbox 210 2149 1267 2228; baseline 0.002 -22"><span class='ocrx_word' id='word_1_146' title='bbox 210 2165 278 2208; x_wconf 89' lang='lat' dir='ltr'>esso</span> <span class='ocrx_word' id='word_1_147' title='bbox 291 2149 325 2220; x_wconf 76' lang='lat'>*)</span> <span class='ocrx_word' id='word_1_148' title='bbox 350 2150 522 2228; x_wconf 75' lang='lat' dir='ltr'>integr-nnn,</span> <span class='ocrx_word' id='word_1_149' title='bbox 537 2169 636 2227; x_wconf 83' lang='lat' dir='ltr'>neque</span> <span class='ocrx_word' id='word_1_150' title='bbox 656 2167 791 2227; x_wconf 77' lang='lat' dir='ltr'>aequum.</span> <span class='ocrx_word' id='word_1_151' title='bbox 810 2165 909 2225; x_wconf 82' lang='lat' dir='ltr'>neque</span> <span class='ocrx_word' id='word_1_152' title='bbox 928 2151 993 2210; x_wconf 89' lang='lat' dir='ltr'>ullo</span> <span class='ocrx_word' id='word_1_153' title='bbox 1015 2153 1114 2210; x_wconf 89' lang='lat' dir='ltr'>modo</span> <span class='ocrx_word' id='word_1_154' title='bbox 1134 2153 1267 2210; x_wconf 82' lang='lat' dir='ltr'>commit.</span> 
     </span>
     <span class='ocr_line' id='line_1_21' title="bbox 210 2246 1267 2321; baseline 0 -17"><span class='ocrx_word' id='word_1_155' title='bbox 210 2246 355 2314; x_wconf 83' lang='lat' dir='ltr'>tendum,</span> <span class='ocrx_word' id='word_1_156' title='bbox 382 2255 417 2304; x_wconf 84' lang='lat' dir='ltr'>ut</span> <span class='ocrx_word' id='word_1_157' title='bbox 439 2247 568 2306; x_wconf 86' lang='lat' dir='ltr'>verbum</span> <span class='ocrx_word' id='word_1_158' title='bbox 586 2247 647 2304; x_wconf 88' lang='lat' dir='ltr'>Dei</span> <span class='ocrx_word' id='word_1_159' title='bbox 665 2255 810 2318; x_wconf 75' lang='lat' dir='ltr'>negarem</span> <span class='ocrx_word' id='word_1_160' title='bbox 828 2257 859 2304; x_wconf 90' lang='lat' dir='ltr'>et</span> <span class='ocrx_word' id='word_1_161' title='bbox 874 2247 999 2303; x_wconf 81' lang='lat' dir='ltr'>libellos</span> <span class='ocrx_word' id='word_1_162' title='bbox 1020 2265 1111 2305; x_wconf 82' lang='lat' dir='ltr'>meos</span> <span class='ocrx_word' id='word_1_163' title='bbox 1126 2264 1168 2306; x_wconf 87' lang='lat' dir='ltr'>eo</span> <span class='ocrx_word' id='word_1_164' title='bbox 1183 2257 1267 2321; x_wconf 81' lang='lat' dir='ltr'>pacto</span> 
     </span>
    </p>
   </div>
   <div class='ocr_carea' id='block_1_7' title="bbox 116 2329 1268 2414">
    <p class='ocr_par' dir='ltr' id='par_1_8' title="bbox 116 2329 1268 2414">
     <span class='ocr_line' id='line_1_22' title="bbox 116 2329 1268 2414; baseline 0.004 -21"><span class='ocrx_word' id='word_1_165' title='bbox 116 2329 121 2348; x_wconf 88' lang='lat'><em>&#39;</em></span> <span class='ocrx_word' id='word_1_166' title='bbox 208 2355 412 2400; x_wconf 74' lang='lat' dir='ltr'>revocarem</span> <span class='ocrx_word' id='word_1_167' title='bbox 440 2359 551 2413; x_wconf 79' lang='lat' dir='ltr'>rogans</span> <span class='ocrx_word' id='word_1_168' title='bbox 576 2343 755 2411; x_wconf 83' lang='lat' dir='ltr'>humiliter,</span> <span class='ocrx_word' id='word_1_169' title='bbox 785 2357 824 2398; x_wconf 87' lang='lat' dir='ltr'>ne</span> <span class='ocrx_word' id='word_1_170' title='bbox 846 2331 876 2398; x_wconf 80' lang='lat' dir='ltr'>S.</span> <span class='ocrx_word' id='word_1_171' title='bbox 901 2342 1050 2414; x_wconf 83' lang='lat' dir='ltr'>Mrjestrs</span> <span class='ocrx_word' id='word_1_172' title='bbox 1081 2354 1136 2400; x_wconf 80' lang='lat' dir='ltr'>toa</span> <span class='ocrx_word' id='word_1_173' title='bbox 1160 2361 1211 2400; x_wconf 85' lang='lat' dir='ltr'>me</span> <span class='ocrx_word' id='word_1_174' title='bbox 1235 2343 1268 2398; x_wconf 80' lang='lat' dir='ltr'>ad</span> 
     </span>
    </p>
   </div>
   <div class='ocr_carea' id='block_1_8' title="bbox 181 2431 1273 3554">
    <p class='ocr_par' dir='ltr' id='par_1_9' title="bbox 182 2431 1271 3250">
     <span class='ocr_line' id='line_1_23' title="bbox 208 2431 1270 2509; baseline 0.008 -21"><span class='ocrx_word' id='word_1_175' title='bbox 208 2431 384 2503; x_wconf 82' lang='lat' dir='ltr'>hujusmodi</span> <span class='ocrx_word' id='word_1_176' title='bbox 403 2435 633 2492; x_wconf 80' lang='lat' dir='ltr'>revocationem</span> <span class='ocrx_word' id='word_1_177' title='bbox 653 2437 730 2508; x_wconf 79' lang='lat' dir='ltr'>adigi</span> <span class='ocrx_word' id='word_1_178' title='bbox 750 2437 904 2509; x_wconf 79' lang='lat' dir='ltr'>pateretur</span> <span class='ocrx_word' id='word_1_179' title='bbox 920 2437 983 2493; x_wconf 88' lang='lat' dir='ltr'>ulio</span> <span class='ocrx_word' id='word_1_180' title='bbox 1002 2439 1118 2506; x_wconf 81' lang='lat' dir='ltr'>modo.</span> <span class='ocrx_word' id='word_1_181' title='bbox 1140 2441 1194 2496; x_wconf 86' lang='lat' dir='ltr'>eed</span> <span class='ocrx_word' id='word_1_182' title='bbox 1210 2440 1270 2496; x_wconf 82' lang='lat' dir='ltr'>hoc</span> 
     </span>
     <span class='ocr_line' id='line_1_24' title="bbox 209 2517 1271 2605; baseline 0.005 -22"><span class='ocrx_word' id='word_1_183' title='bbox 209 2517 312 2600; x_wconf 81' lang='lat' dir='ltr'>potins</span> <span class='ocrx_word' id='word_1_184' title='bbox 335 2537 477 2597; x_wconf 86' lang='lat' dir='ltr'>curaret,</span> <span class='ocrx_word' id='word_1_185' title='bbox 502 2537 536 2584; x_wconf 86' lang='lat' dir='ltr'>ut</span> <span class='ocrx_word' id='word_1_186' title='bbox 558 2529 651 2586; x_wconf 89' lang='lat' dir='ltr'>libelli</span> <span class='ocrx_word' id='word_1_187' title='bbox 675 2531 758 2600; x_wconf 88' lang='lat' dir='ltr'>mei,</span> <span class='ocrx_word' id='word_1_188' title='bbox 775 2529 840 2587; x_wconf 83' lang='lat' dir='ltr'>sive</span> <span class='ocrx_word' id='word_1_189' title='bbox 862 2545 916 2602; x_wconf 83' lang='lat' dir='ltr'>per</span> <span class='ocrx_word' id='word_1_190' title='bbox 939 2546 973 2586; x_wconf 88' lang='lat' dir='ltr'>se</span> <span class='ocrx_word' id='word_1_191' title='bbox 996 2533 1118 2604; x_wconf 82' lang='lat' dir='ltr'>ipsam,</span> <span class='ocrx_word' id='word_1_192' title='bbox 1136 2535 1201 2590; x_wconf 84' lang='lat' dir='ltr'>rire</span> <span class='ocrx_word' id='word_1_193' title='bbox 1220 2549 1271 2605; x_wconf 84' lang='lat' dir='ltr'>per</span> 
     </span>
     <span class='ocr_line' id='line_1_25' title="bbox 210 2621 1269 2702; baseline 0.007 -26"><span class='ocrx_word' id='word_1_194' title='bbox 210 2621 285 2678; x_wconf 84' lang='lat' dir='ltr'>alios</span> <span class='ocrx_word' id='word_1_195' title='bbox 296 2659 307 2691; x_wconf 85' lang='lat'><strong>,</strong></span> <span class='ocrx_word' id='word_1_196' title='bbox 333 2622 423 2678; x_wconf 85' lang='lat' dir='ltr'>etiam</span> <span class='ocrx_word' id='word_1_197' title='bbox 443 2623 650 2695; x_wconf 82' lang='lat' dir='ltr'>cujuscunque</span> <span class='ocrx_word' id='word_1_198' title='bbox 670 2625 785 2682; x_wconf 83' lang='lat' dir='ltr'>ordinis</span> <span class='ocrx_word' id='word_1_199' title='bbox 807 2625 856 2680; x_wconf 88' lang='lat' dir='ltr'>vel</span> <span class='ocrx_word' id='word_1_200' title='bbox 873 2625 1018 2682; x_wconf 88' lang='lat' dir='ltr'>minimos</span> <span class='ocrx_word' id='word_1_201' title='bbox 1046 2628 1064 2696; x_wconf 98' lang='lat'>(</span> <span class='ocrx_word' id='word_1_202' title='bbox 1074 2629 1101 2684; x_wconf 87' lang='lat' dir='ltr'>si</span> <span class='ocrx_word' id='word_1_203' title='bbox 1120 2629 1189 2702; x_wconf 84' lang='lat' dir='ltr'>quir</span> <span class='ocrx_word' id='word_1_204' title='bbox 1205 2643 1269 2700; x_wconf 85' lang='lat' dir='ltr'>por.</span> 
     </span>
     <span class='ocr_line' id='line_1_26' title="bbox 209 2715 1267 2794; baseline 0.008 -24"><span class='ocrx_word' id='word_1_205' title='bbox 209 2715 278 2783; x_wconf 85' lang='lat' dir='ltr'>set)</span> <span class='ocrx_word' id='word_1_206' title='bbox 305 2717 509 2787; x_wconf 84' lang='lat' dir='ltr'>perlustrare,</span> <span class='ocrx_word' id='word_1_207' title='bbox 535 2725 567 2774; x_wconf 86' lang='lat' dir='ltr'>et</span> <span class='ocrx_word' id='word_1_208' title='bbox 583 2731 723 2785; x_wconf 85' lang='lat' dir='ltr'>errores,</span> <span class='ocrx_word' id='word_1_209' title='bbox 748 2734 827 2790; x_wconf 85' lang='lat' dir='ltr'>qnos</span> <span class='ocrx_word' id='word_1_210' title='bbox 843 2719 942 2776; x_wconf 83' lang='lat' dir='ltr'>inesse</span> <span class='ocrx_word' id='word_1_211' title='bbox 963 2733 1155 2794; x_wconf 78' lang='lat' dir='ltr'>causamur,</span> <span class='ocrx_word' id='word_1_212' title='bbox 1178 2721 1267 2778; x_wconf 83' lang='lat' dir='ltr'>literis</span> 
     </span>
     <span class='ocr_line' id='line_1_27' title="bbox 210 2809 1267 2888; baseline 0.009 -22"><span class='ocrx_word' id='word_1_213' title='bbox 210 2809 320 2868; x_wconf 84' lang='lat' dir='ltr'>divinis</span> <span class='ocrx_word' id='word_1_214' title='bbox 336 2811 454 2868; x_wconf 88' lang='lat' dir='ltr'>scilicet</span> <span class='ocrx_word' id='word_1_215' title='bbox 471 2811 652 2882; x_wconf 74' lang='lat' dir='ltr'>evangelicis</span> <span class='ocrx_word' id='word_1_216' title='bbox 668 2823 699 2868; x_wconf 86' lang='lat' dir='ltr'>et</span> <span class='ocrx_word' id='word_1_217' title='bbox 716 2813 906 2885; x_wconf 84' lang='lat' dir='ltr'>propheticis</span> <span class='ocrx_word' id='word_1_218' title='bbox 926 2816 1114 2886; x_wconf 76' lang='lat' dir='ltr'>redarguere</span> <span class='ocrx_word' id='word_1_219' title='bbox 1138 2819 1267 2888; x_wconf 79' lang='lat' dir='ltr'>dignare.</span> 
     </span>
     <span class='ocr_line' id='line_1_28' title="bbox 210 2905 1263 2982; baseline 0.007 -20"><span class='ocrx_word' id='word_1_220' title='bbox 210 2913 280 2968; x_wconf 82' lang='lat' dir='ltr'>tur:</span> <span class='ocrx_word' id='word_1_221' title='bbox 306 2905 440 2964; x_wconf 79' lang='lat' dir='ltr'>offerens</span> <span class='ocrx_word' id='word_1_222' title='bbox 459 2922 509 2962; x_wconf 88' lang='lat' dir='ltr'>me</span> <span class='ocrx_word' id='word_1_223' title='bbox 530 2905 699 2964; x_wconf 82' lang='lat' dir='ltr'>Christiana</span> <span class='ocrx_word' id='word_1_224' title='bbox 718 2905 959 2980; x_wconf 84' lang='lat' dir='ltr'>promtitndine,</span> <span class='ocrx_word' id='word_1_225' title='bbox 986 2910 1012 2968; x_wconf 87' lang='lat' dir='ltr'>si</span> <span class='ocrx_word' id='word_1_226' title='bbox 1036 2912 1216 2982; x_wconf 73' lang='lat' dir='ltr'>redargutor</span> <span class='ocrx_word' id='word_1_227' title='bbox 1236 2921 1263 2968; x_wconf 86' lang='lat' dir='ltr'>et</span> 
     </span>
     <span class='ocr_line' id='line_1_29' title="bbox 208 2995 1262 3076; baseline 0.004 -22"><span class='ocrx_word' id='word_1_228' title='bbox 208 2999 343 3056; x_wconf 78' lang='lat' dir='ltr'>revictus</span> <span class='ocrx_word' id='word_1_229' title='bbox 365 2999 403 3056; x_wconf 87' lang='lat' dir='ltr'>de</span> <span class='ocrx_word' id='word_1_230' title='bbox 421 3015 530 3058; x_wconf 88' lang='lat' dir='ltr'>errore</span> <span class='ocrx_word' id='word_1_231' title='bbox 551 2995 817 3070; x_wconf 78' lang='lat' dir='ltr'>fuissem,‘omnia</span> <span class='ocrx_word' id='word_1_232' title='bbox 833 3019 884 3059; x_wconf 84' lang='lat' dir='ltr'>me</span> <span class='ocrx_word' id='word_1_233' title='bbox 906 3013 1143 3072; x_wconf 74' lang='lat' dir='ltr'>revocaturum,</span> <span class='ocrx_word' id='word_1_234' title='bbox 1161 3015 1193 3060; x_wconf 88' lang='lat' dir='ltr'>et</span> <span class='ocrx_word' id='word_1_235' title='bbox 1203 3005 1262 3076; x_wconf 91' lang='lat' dir='ltr'>pri.</span> 
     </span>
     <span class='ocr_line' id='line_1_30' title="bbox 182 3095 1264 3172; baseline 0.002 -22"><span class='ocrx_word' id='word_1_236' title='bbox 182 3164 184 3172; x_wconf 20' lang='lat' dir='ltr'><em>s</em></span> <span class='ocrx_word' id='word_1_237' title='bbox 208 3109 293 3150; x_wconf 85' lang='lat' dir='ltr'>mom</span> <span class='ocrx_word' id='word_1_238' title='bbox 313 3095 468 3167; x_wconf 78' lang='lat' dir='ltr'>fnmrnm,</span> <span class='ocrx_word' id='word_1_239' title='bbox 495 3096 546 3168; x_wconf 83' lang='lat' dir='ltr'>qni</span> <span class='ocrx_word' id='word_1_240' title='bbox 564 3095 684 3154; x_wconf 79' lang='lat' dir='ltr'>libellos</span> <span class='ocrx_word' id='word_1_241' title='bbox 701 3109 789 3154; x_wconf 85' lang='lat' dir='ltr'>moos</span> <span class='ocrx_word' id='word_1_242' title='bbox 807 3097 865 3168; x_wconf 70' lang='lat' dir='ltr'>igni</span> <span class='ocrx_word' id='word_1_243' title='bbox 892 3099 1064 3169; x_wconf 80' lang='lat' dir='ltr'>traderem,</span> <span class='ocrx_word' id='word_1_244' title='bbox 1091 3111 1121 3156; x_wconf 87' lang='lat' dir='ltr'>et</span> <span class='ocrx_word' id='word_1_245' title='bbox 1143 3099 1264 3172; x_wconf 77' lang='lat' dir='ltr'>pedibus</span> 
     </span>
     <span class='ocr_line' id='line_1_31' title="bbox 208 3191 988 3250; baseline 0.018 -4"><span class='ocrx_word' id='word_1_246' title='bbox 208 3191 435 3250; x_wconf 81' lang='lat' dir='ltr'>conculcarent.</span> <span class='ocrx_word' id='word_1_247' title='bbox 986 3203 988 3214; x_wconf 81' lang='grc'>’</span> 
     </span>
    </p>

    <p class='ocr_par' dir='ltr' id='par_1_10' title="bbox 181 3288 1273 3554">
     <span class='ocr_line' id='line_1_32' title="bbox 275 3288 1271 3361; baseline -0.001 -13"><span class='ocrx_word' id='word_1_248' title='bbox 275 3288 469 3348; x_wconf 83' lang='lat' dir='ltr'>Postulatnm</span> <span class='ocrx_word' id='word_1_249' title='bbox 485 3297 646 3348; x_wconf 76' lang='lat' dir='ltr'>estensem</span> <span class='ocrx_word' id='word_1_250' title='bbox 664 3297 695 3346; x_wconf 93' lang='lat' dir='ltr'>et</span> <span class='ocrx_word' id='word_1_251' title='bbox 710 3295 853 3348; x_wconf 81' lang='lat' dir='ltr'>exactum</span> <span class='ocrx_word' id='word_1_252' title='bbox 869 3305 886 3343; x_wconf 82' lang='lat' dir='ltr'><strong>a</strong></span> <span class='ocrx_word' id='word_1_253' title='bbox 904 3305 954 3344; x_wconf 86' lang='lat' dir='ltr'>me</span> <span class='ocrx_word' id='word_1_254' title='bbox 970 3303 1065 3361; x_wconf 86' lang='lat' dir='ltr'>snper</span> <span class='ocrx_word' id='word_1_255' title='bbox 1078 3289 1148 3347; x_wconf 71' lang='lat' dir='ltr'>hnc</span> <span class='ocrx_word' id='word_1_256' title='bbox 1164 3289 1271 3358; x_wconf 77' lang='lat' dir='ltr'>omnia.</span> 
     </span>
     <span class='ocr_line' id='line_1_33' title="bbox 181 3386 1272 3468; baseline -0.003 -25"><span class='ocrx_word' id='word_1_257' title='bbox 181 3427 183 3434; x_wconf 74' lang='lat'><em>·</em></span> <span class='ocrx_word' id='word_1_258' title='bbox 207 3394 242 3455; x_wconf 69' lang='lat' dir='ltr'>ut</span> <span class='ocrx_word' id='word_1_259' title='bbox 259 3386 437 3460; x_wconf 86' lang='lat' dir='ltr'>simpliciter</span> <span class='ocrx_word' id='word_1_260' title='bbox 455 3395 486 3442; x_wconf 88' lang='lat' dir='ltr'>et</span> <span class='ocrx_word' id='word_1_261' title='bbox 504 3386 592 3458; x_wconf 83' lang='lat' dir='ltr'>piane</span> <span class='ocrx_word' id='word_1_262' title='bbox 609 3387 842 3466; x_wconf 79' lang='lat' dir='ltr'>responderem:</span> <span class='ocrx_word' id='word_1_263' title='bbox 862 3393 983 3459; x_wconf 78' lang='lat' dir='ltr'>paratus</span> <span class='ocrx_word' id='word_1_264' title='bbox 997 3401 1103 3468; x_wconf 81' lang='lat' dir='ltr'>essem</span> <span class='ocrx_word' id='word_1_265' title='bbox 1116 3402 1272 3452; x_wconf 79' lang='lat' dir='ltr'>revocare,</span> 
     </span>
     <span class='ocr_line' id='line_1_34' title="bbox 206 3478 1273 3554; baseline -0.005 -16"><span class='ocrx_word' id='word_1_266' title='bbox 206 3489 325 3541; x_wconf 69' lang='lat' dir='ltr'>necne!</span> <span class='ocrx_word' id='word_1_267' title='bbox 351 3479 433 3547; x_wconf 82' lang='lat' dir='ltr'>Tum</span> <span class='ocrx_word' id='word_1_268' title='bbox 462 3497 519 3550; x_wconf 82' lang='lat' dir='ltr'>ogo</span> <span class='ocrx_word' id='word_1_269' title='bbox 541 3481 672 3550; x_wconf 84' lang='lat' dir='ltr'>iterum,</span> <span class='ocrx_word' id='word_1_270' title='bbox 699 3495 789 3552; x_wconf 87' lang='lat' dir='ltr'>quam</span> <span class='ocrx_word' id='word_1_271' title='bbox 805 3481 895 3551; x_wconf 84' lang='lat' dir='ltr'>&#39;potui</span> <span class='ocrx_word' id='word_1_272' title='bbox 915 3478 1089 3534; x_wconf 85' lang='lat' dir='ltr'>humillime</span> <span class='ocrx_word' id='word_1_273' title='bbox 1114 3480 1273 3554; x_wconf 82' lang='lat' dir='ltr'>respondi:</span> 
     </span>
    </p>
   </div>
   <div class='ocr_carea' id='block_1_9' title="bbox 89 3573 1274 3652">
    <p class='ocr_par' dir='ltr' id='par_1_11' title="bbox 89 3573 1274 3652">
     <span class='ocr_line' id='line_1_35' title="bbox 89 3573 1274 3652; baseline 0 -22"><span class='ocrx_word' id='word_1_274' title='bbox 89 3593 110 3624; x_wconf 62' lang='lat' dir='ltr'>a</span> <span class='ocrx_word' id='word_1_275' title='bbox 208 3577 329 3652; x_wconf 85' lang='lat' dir='ltr'>quondo</span> <span class='ocrx_word' id='word_1_276' title='bbox 345 3575 532 3636; x_wconf 83' lang='lat' dir='ltr'>conscientia</span> <span class='ocrx_word' id='word_1_277' title='bbox 549 3590 617 3629; x_wconf 87' lang='lat' dir='ltr'>mea</span> <span class='ocrx_word' id='word_1_278' title='bbox 635 3574 729 3631; x_wconf 83' lang='lat' dir='ltr'>literis</span> <span class='ocrx_word' id='word_1_279' title='bbox 748 3573 870 3644; x_wconf 86' lang='lat' dir='ltr'>divinis,</span> <span class='ocrx_word' id='word_1_280' title='bbox 889 3589 964 3648; x_wconf 86' lang='lat' dir='ltr'>quas</span> <span class='ocrx_word' id='word_1_281' title='bbox 983 3575 1099 3631; x_wconf 83' lang='lat' dir='ltr'>adduxi</span> <span class='ocrx_word' id='word_1_282' title='bbox 1119 3575 1151 3633; x_wconf 87' lang='lat' dir='ltr'>in</span> <span class='ocrx_word' id='word_1_283' title='bbox 1169 3575 1274 3632; x_wconf 82' lang='lat' dir='ltr'>libeliis</span> 
     </span>
    </p>
   </div>
   <div class='ocr_carea' id='block_1_10' title="bbox 207 3669 1277 3854">
    <p class='ocr_par' dir='ltr' id='par_1_12' title="bbox 207 3669 1277 3854">
     <span class='ocr_line' id='line_1_36' title="bbox 207 3669 1277 3755; baseline -0.001 -28"><span class='ocrx_word' id='word_1_284' title='bbox 207 3673 300 3740; x_wconf 74' lang='lat' dir='ltr'>mois,</span> <span class='ocrx_word' id='word_1_285' title='bbox 333 3671 477 3728; x_wconf 81' lang='lat' dir='ltr'>oon&#39;clus&#39;a</span> <span class='ocrx_word' id='word_1_286' title='bbox 503 3679 602 3726; x_wconf 81' lang='lat' dir='ltr'>esset:</span> <span class='ocrx_word' id='word_1_287' title='bbox 627 3671 711 3755; x_wconf 75' lang='lat' dir='ltr'>nollo</span> <span class='ocrx_word' id='word_1_288' title='bbox 737 3671 831 3728; x_wconf 89' lang='lat' dir='ltr'>modo</span> <span class='ocrx_word' id='word_1_289' title='bbox 856 3683 981 3746; x_wconf 87' lang='lat' dir='ltr'>possem</span> <span class='ocrx_word' id='word_1_290' title='bbox 1006 3670 1088 3730; x_wconf 79' lang='lat' dir='ltr'>citro</span> <span class='ocrx_word' id='word_1_291' title='bbox 1117 3669 1277 3732; x_wconf 77' lang='lat' dir='ltr'>meliorem</span> 
     </span>
     <span class='ocr_line' id='line_1_37' title="bbox 210 3765 775 3854; baseline -0.004 -30"><span class='ocrx_word' id='word_1_292' title='bbox 210 3767 413 3854; x_wconf 85' lang='lat' dir='ltr'>eruditionem</span> <span class='ocrx_word' id='word_1_293' title='bbox 431 3765 594 3850; x_wconf 74' lang='lat' dir='ltr'>quidquam</span> <span class='ocrx_word' id='word_1_294' title='bbox 612 3781 775 3824; x_wconf 83' lang='lat' dir='ltr'>revocare.</span> 
     </span>
    </p>
   </div>
   <div class='ocr_carea' id='block_1_11' title="bbox 220 4023 683 4114">
    <p class='ocr_par' dir='ltr' id='par_1_13' title="bbox 220 4023 683 4114">
     <span class='ocr_line' id='line_1_38' title="bbox 220 4023 683 4114; baseline 0.017 -14"><span class='ocrx_word' id='word_1_295' title='bbox 220 4090 223 4100; x_wconf 76' lang='grc'>,</span> <span class='ocrx_word' id='word_1_296' title='bbox 265 4055 295 4108; x_wconf 80' lang='lat' dir='ltr'>t&gt;</span> <span class='ocrx_word' id='word_1_297' title='bbox 322 4051 400 4113; x_wconf 61' lang='lat' dir='ltr'>mittit</span> <span class='ocrx_word' id='word_1_298' title='bbox 420 4055 484 4108; x_wconf 68' lang='lat' dir='ltr'>well</span> <span class='ocrx_word' id='word_1_299' title='bbox 501 4023 566 4107; x_wconf 75' lang='lat' dir='ltr'>erret</span> <span class='ocrx_word' id='word_1_300' title='bbox 586 4053 683 4114; x_wconf 45' lang='lat' dir='ltr'>belitae.</span> 
     </span>
    </p>
   </div>
   <div class='ocr_carea' id='block_1_12' title="bbox 0 0 1348 4560">
    <p class='ocr_par' dir='ltr' id='par_1_14' title="bbox 0 0 1348 4560">
     <span class='ocr_line' id='line_1_39' title="bbox 0 0 1348 4560; baseline 0 0"><span class='ocrx_word' id='word_1_301' title='bbox 0 0 1348 4560; x_wconf 95' lang='lat' dir='ltr'> </span> 
     </span>
    </p>
   </div>
  </div>
 </body>
</html>
