2686 4558
77 403 79 412 Ι
185 261 300 383 [ιιι
724 304 815 371 1520.

212 523 213 531 ,
237 485 302 526 oon
327 466 511 542 meminisse.
551 461 593 522 Et
614 473 784 537 quanqnsm
806 461 905 534 impiis
925 419 1138 518 adulatoribus
1166 461 1246 530 tuis,
1271 463 1298 518 in

803 195 818 242 l

237 579 288 620 me
308 563 371 620 sine
389 577 477 618 oauer
498 559 708 620 saevientibus,
734 567 860 614 coactus
883 557 991 612 luerim
1005 555 1040 623 Ι)
1061 565 1079 610 a
1097 557 1176 612 sede
1196 573 1248 612 tue
1266 559 1296 612 ad

239 657 375 713 futurum
395 671 566 728 provocare
585 653 769 721 coneilium,
788 651 861 706 nihil
882 649 997 706 veritus
1012 643 1060 706 Pii
1080 659 1113 706 et
1131 649 1212 706 Julii
1236 663 1297 705 tuo.

188 733 190 740 ¹
236 749 573 823 rumpraedeoessorum
583 747 757 802 vanissimas
773 743 1024 812 constitutiones,
1043 744 1077 800 id
1092 745 1198 815 ipsum
1211 745 1296 800 uun

235 845 391 915 tyrannide
409 841 653 916 prohibentium:
673 847 852 914 nontamen
870 853 1002 909 unquam
1019 837 1147 892 interim
1165 836 1296 892 animum

235 950 338 994 meum
362 951 379 993 a
401 945 452 992 tua
477 934 667 992 Beatitudine
692 934 737 990 sio
760 931 904 998 alienavi,
930 941 964 986 ut
988 947 1049 985 nou
1077 929 1155 986 totis
1181 930 1295 986 viribus

230 1033 349 1104 optima
371 1033 497 1104 qumque
517 1028 571 1086 tibi
593 1028 717 1099 sedique
738 1035 795 1084 tuae
817 1023 968 1098 optarim,
993 1025 1168 1094 eademque
1184 1025 1295 1080 sedulis

234 1124 377 1198 atqueb)
404 1122 603 1198 quantumin
630 1137 680 1176 me
706 1122 785 1192 luit,
818 1117 1014 1190 gemebundis
1042 1117 1194 1187 precibus
1223 1119 1295 1190 apol

233 1216 337 1274 Deum
358 1217 536 1291 quesierim.
573 1215 667 1288 Atqui
689 1231 759 1284 eos,
783 1215 834 1295 qui
855 1229 905 1267 me
924 1209 1097 1267 autoritatis
1112 1219 1146 1266 et
1164 1213 1295 1266 nominis

234 1311 278 1368 tui
299 1309 453 1383 majestate
469 1310 615 1366 haetenus
631 1318 748 1366 terrere
769 1307 868 1364 conati
885 1313 972 1374 sont,
991 1323 1075 1378 pene
1094 1315 1293 1360 contemnere

233 1421 269 1463 ae
284 1405 472 1478 triumphare
488 1403 576 1476 coepi.
612 1403 711 1458 Unum
729 1417 889 1474 superesse
911 1400 1018 1465 video,
1048 1403 1135 1470 quod
1156 1411 1295 1454 contem.

232 1513 306 1566 nere
330 1515 392 1564 non
413 1514 559 1571 possum,
586 1513 652 1570 quae
671 1495 856 1564 transumit,
883 1506 916 1548 ut
941 1491 1041 1549 denuo
1063 1493 1242 1548 scriberem
1259 1495 1290 1548 nl

166 1581 170 1596 '
213 1598 314 1648 'tuam
329 1577 660 1662 Beatitudinemebae'c
678 1603 745 1660 eet,
773 1589 855 1662 quod
876 1589 1012 1643 accusari
1033 1603 1106 1656 me,
1136 1597 1168 1642 et
1185 1603 1290 1656 magno

232 1685 310 1741 verti
334 1685 408 1742 milti
434 1684 509 1740 vitio
536 1684 671 1754 intelligo
694 1699 793 1739 niearrr
817 1680 1038 1747 temeritatem,
1071 1697 1134 1754 qne
1161 1697 1223 1738 nee
1241 1693 1289 1737 tae

232 1793 370 1852 persone
386 1769 708 1850 pepercissejudieor.

228 1900 230 1912 =
301 1871 368 1942 Ego
390 1888 483 1942 vero,
501 1879 536 1928 nt
554 1886 620 1926 rem
638 1879 741 1943 sparte
763 1870 925 1943 confitear,
944 1871 1091 1928 conscius
1109 1871 1189 1927 milri
1206 1887 1285 1936 mm,

232 1965 407 2038 ubieunque
422 1975 481 2022 tuae
498 1981 636 2040 personae
654 1966 824 2024 tueminisse
840 1967 996 2039 oportuit,
1013 1983 1076 2022 non
1100 1967 1160 2030 nisi
1182 1968 1286 2035 magni.

233 2060 348 2120 iisset
371 2059 486 2134 optima
507 2061 545 2117 de
569 2069 599 2116 te
621 2061 745 2118 dixisse.
790 2061 818 2117 Si
842 2078 917 2117 vero
939 2075 1028 2114 arne
1053 2075 1151 2116 secus
1180 2062 1284 2116 laetum

231 2162 331 2224 esset,
355 2155 483 2228 ipsemet
506 2155 597 2212 nullis
618 2155 718 2212 modis
741 2147 870 2227 probare
892 2169 1035 2227 possem,
1062 2164 1096 2210 et
1112 2153 1234 2210 illorsum
1251 2155 1283 2209 de

190 2233 192 2240 '
230 2258 280 2302 me
294 2247 544 2327 jualioiumomni
564 2248 855 2321 calculojuvarem,
879 2245 1014 2320 urlrilque
1035 2247 1186 2305 libentius
1201 2263 1282 2320 quam

229 2339 411 2412 palinodiam
428 2341 519 2411 liujus
534 2343 715 2402 temeritatis
733 2355 764 2399 et
779 2343 940 2416 impietatis
956 2357 1031 2397 meae
1050 2357 1209 2400 canerem.
1227 2345 1280 2413 Ap.

231 2432 339 2508 pellavi
360 2442 390 2489 te
408 2433 568 2489 Danielem
586 2433 617 2492 in
637 2431 809 2513 Babylone,
838 2448 869 2495 et
889 2439 1097 2496 innocentiam
1116 2448 1201 2494 tuam
1218 2437 1278 2492 insi.

231 2543 320 2601 grem
338 2529 481 2586 adversus
501 2529 773 2588 contaminatorem
791 2541 877 2590 tuum
891 2531 1076 2588 Silvestrum
1093 2548 1188 2602 quam
1204 2547 1279 2602 egre.

230 2626 280 2695 gio
298 2623 398 2680 studio
416 2629 528 2678 tutatus
544 2621 617 2692 sim,
636 2623 734 2696 quivis
751 2627 850 2684 lector
865 2625 1001 2695 intelligit
1013 2625 1151 2683 abunde:
1170 2627 1277 2682 seilicet

230 2717 413 2774 celebratior
433 2725 464 2772 et
487 2715 642 2787 augustior
665 2727 712 2774 est
728 2719 758 2774 in
779 2721 862 2776 oanni
884 2731 1034 2776 terrarum
1052 2720 1133 2776 orbe
1152 2731 1200 2776 tot
1220 2729 1277 2773 ten.

144 2805 147 2812 ’
229 2821 332 2869 torum
356 2812 494 2868 virorum
517 2811 613 2868 literis
633 2821 749 2894 eantrta
768 2814 891 2886 opinio,
916 2823 946 2868 et
965 2814 1035 2868 vitae
1051 2823 1114 2868 ture
1131 2815 1275 2886 inculpate

229 2905 325 2974 fama,
347 2919 437 2977 quam
457 2915 491 2962 ut
513 2924 530 2964 a
551 2905 667 2994 quouis
683 2909 730 2964 vel
746 2909 874 2964 *maximi
898 2907 1028 2964 nominis
1055 2897 1155 2980 possit
1176 2908 1276 2979 queris

139 3070 144 3080 Ι
169 3019 172 3028 ’
228 3007 293 3056 arte
312 3000 426 3072 impeti.
462 2997 535 3057 Non
552 3017 620 3058 sum
639 3010 701 3058 tam
719 3004 846 3070 stultus,
864 3011 898 3056 ut
917 3015 985 3056 oum
1003 3001 1167 3068 incessam,
1183 3015 1272 3072 quem

226 3095 327 3151 nullus
347 3109 408 3150 non
434 3095 549 3152 laudate
576 3097 648 3168 quin
672 3099 779 3152 etmel
799 3097 888 3153 studii
908 3097 983 3159 luit,
1007 3097 1130 3170 eritque
1146 3111 1275 3166 semper,

227 3205 287 3245 aree
311 3203 365 3245 eos
389 3187 557 3262 incessere,
584 3206 661 3263 quoe
679 3191 799 3264 publica
820 3193 898 3246 frma
918 3190 1019 3244 foedat.
1056 3189 1181 3248 Nullius
1200 3191 1275 3246 enim

178 3345 180 3355 ¹
227 3283 365 3339 delector
382 3283 525 3352 crimine,
544 3285 594 3356 qrri
612 3297 643 3342 et
663 3288 728 3360 ipse
743 3284 903 3342 niilrisatis
922 3283 1066 3340 conscius
1085 3301 1153 3341 sum
1168 3301 1276 3354 magne

226 3377 321 3434 trabis
345 3393 418 3434 meae
443 3377 474 3434 in
505 3379 596 3435 oeulo
620 3371 708 3448 tneo,
736 3398 793 3436 neo
812 3381 1010 3452 primue'esse
1031 3369 1164 3450 queam,
1181 3379 1232 3453 qui
1249 3379 1275 3435 in

226 3470 389 3526 adulterans
404 3468 439 3539 ο)
457 3472 587 3544 lapident
604 3475 713 3532 mittat.

222 3639 228 3652 Ι
295 3564 505 3623 Communiter
529 3565 650 3638 quidem
676 3571 706 3626 iu
728 3569 833 3642 impias
859 3567 1014 3624 doetrinae
1042 3567 1187 3626 invectus
1213 3583 1275 3625 suro

223 3655 355 3738 acriter,
373 3667 403 3714 et
425 3661 628 3730 adversarios,
641 3657 709 3718 'non
728 3663 768 3720 ob
789 3663 885 3732 malos
904 3677 1023 3734 mores,
1041 3663 1098 3720 ted
1116 3659 1161 3744 qb
1174 3663 1275 3736 impie.

225 3807 748 3834 *Ἢ

162 3940 171 3960 ,
277 3901 309 3952 ι)
331 3897 441 3959 purif.
460 3897 506 3947 fui.

276 3977 306 4029 b)
334 3966 487 4026 luril'iet.

255 4060 257 4068 ·
280 4059 312 4109 ι’)
338 4055 567 4107 tribularum.
