2756 4558
203 270 268 342 tto
372 277 376 289 ·
506 219 519 230 ⁵
688 209 767 338 ists
1066 187 1084 258 ”

207 417 464 504 componeretur,
491 425 574 500 quod
595 441 653 488 nec
670 412 712 482 'tu
738 433 868 498 protus
897 424 1038 498 dignitate
1065 426 1259 485 detrectasti:

205 529 259 586 sed
280 543 351 584 ecce
369 526 464 584 horno
487 523 613 594 pulchre
634 538 753 578 memor
774 533 804 578 et
826 523 882 578 sibi
909 539 1069 591 constans,
1097 539 1261 596 postquem

205 631 237 680 te
256 623 334 678 foede
356 621 530 685 insumeret,
551 621 670 675 tandem
686 617 837 688 promittit
855 618 885 672 in
901 631 952 684 te,
971 601 1023 672 sed
1046 619 1138 674 vertit
1160 618 1191 672 in
1209 632 1261 672 nte

205 719 369 790 impeturn,
387 729 565 770 ranarumne
580 730 617 768 au
634 727 807 768 muscarum
821 699 964 781 suaruni,
982 715 1096 805 upscio.
1225 703 1228 714 '

275 813 471 884 speraveram
491 823 548 877 ego
571 817 731 862 tractatum
756 807 891 862 futurum
913 810 949 864 de
971 795 1195 870 honestissimis
1212 823 1263 863 se.

205 909 258 965 riis
279 909 354 988 tuis,
381 916 410 959 et
431 907 469 958 de
489 904 581 972 grstia
602 902 684 968 Dei,
709 902 839 958 humana
856 905 993 971 miseria,
1019 905 1204 974 omninoque
1222 903 1261 958 de

206 1019 240 1058 ee
264 1017 313 1070 re,
341 1015 406 1072 qun
423 1001 501 1055 inter
511 1001 576 1054 'vos
599 998 749 1053 vertitur:
775 1009 805 1052 nt
825 997 910 1054 meus
930 998 1042 1056 Eccius
1063 1000 1091 1052 in
1114 1013 1197 1052 mens
1215 997 1262 1050 in.

206 1079 296 1152 terim
312 1093 405 1163 nugs‘s
422 1093 635 1158 debacchatur,
651 1103 700 1144 sut
717 1078 773 1161 pro
792 1109 878 1147 more
893 1094 1020 1148 istorum
1038 1091 1153 1146 dierum
1169 1091 1261 1146 tarvis

200 1191 325 1262 jocetur
348 1191 469 1260 potius,
498 1189 605 1242 stultos
630 1187 809 1257 quaestiones
838 1189 874 1241 de
902 1177 1089 1254 indulgentiis
1115 1201 1197 1256 paene
1220 1199 1261 1238 ex

205 1281 283 1344 orco
301 1286 421 1340 tandem
439 1291 580 1350 revocet,
599 1293 649 1338 tus
668 1281 750 1336 velut
772 1297 911 1354 paterga,
946 1293 976 1335 et
1002 1296 1121 1334 summo
1151 1277 1165 1342 <
1176 1278 1261 1348 quod

26 1381 28 1388 '
95 1411 105 1424 ι
206 1379 310 1450 ajunt)
330 1379 423 1446 digito
440 1379 492 1432 vix
506 1377 663 1445 attingens.
699 1375 791 1430 Forte
805 1375 1072 1448 spiritus‘saoctus
1092 1373 1259 1445 praevidens

205 1473 269 1530 hoc
282 1474 414 1528 hominis
428 1471 591 1528 ludibrium
607 1483 636 1526 et
651 1472 870 1540 nugacitatem,
884 1470 980 1524 ‘dedit
999 1469 1029 1526 iu
1045 1485 1102 1524 cot·
1122 1467 1262 1536 egregio.

204 1581 274 1634 rum
293 1567 498 1621 Dominorum
517 1567 693 1628 Doctorum
715 1564 868 1637 Lipsensis
893 1563 999 1634 studit,
1026 1573 1059 1618 ut
1083 1567 1262 1624 recusarent

206 1660 372 1719 nobishoc
391 1661 545 1729 negotium
566 1663 644 1734 apud
660 1677 693 1716 se
710 1661 885 1730 gerendum.
1203 1643 1204 1646 ¹

274 1753 330 1819 Sed
350 1765 381 1809 et
402 1771 458 1824 ego
477 1756 549 1812 nolo
572 1767 617 1817 te,
640 1755 753 1828 optime
775 1753 911 1820 Andrea,
935 1752 965 1807 in
985 1749 1123 1836 frivolam
1147 1757 1179 1804 et
1200 1749 1260 1804 Ιιι.

136 1837 142 1850 ’
205 1857 305 1906 vetem
330 1849 410 1906 hunc
441 1849 674 1919 disputationem
701 1849 903 1904 descendere:
941 1845 1006 1900 turn
1033 1845 1114 1915 quod
1147 1828 1197 1898 me
1228 1851 1260 1898 et

126 1937 128 1940 ’
205 1939 322 2016 mea²)
344 1944 440 2015 petit,
468 1927 547 2000 iautti
565 1945 630 2002 haec
646 1955 677 2000 et
697 1933 871 2014 semctipsos
888 1941 932 2000 enti
948 1934 1093 2004 λευκώλενος
1111 1955 1258 2011 persona:

112 2085 115 2096 .
204 2049 270 2101 tutu
294 2042 377 2116 quoti
401 2041 551 2110 ingenium
578 2051 663 2095 tuum
684 2053 714 2094 et
739 2053 789 2095 tun
815 2037 976 2109 disputatio
1011 2032 1145 2104 digniora
1179 2034 1258 2102 sint,

204 2151 295 2206 quam
309 2145 343 2204 ut
360 2135 389 2190 in
407 2135 461 2189 has
479 2135 623 2208 sophistae
640 2145 670 2188 et
686 2150 769 2190 aneas
783 2147 875 2204 nugas
892 2131 1104 2202 (indulgentius
1121 2127 1259 2202 iuquam)

204 2243 259 2286 seu
283 2229 395 2290 rectius
423 2240 453 2284 et
479 2246 551 2286 vers
579 2230 793 2298 negligentias,
824 2227 1033 2300 humilientur.
1076 2224 1162 2302 Ques
1187 2239 1259 2278 cum

104 2389 107 2396 Ι
148 2393 152 2398 ¹
205 2323 481 2384 omnesdoctores
501 2325 591 2380 etiam
609 2324 799 2392 scholastici,
828 2321 964 2381 infelices
983 2319 1068 2376 Eccii
1092 2329 1261 2392 precepto.

204 2431 275 2480 tes,
303 2416 453 2471 fateantur
472 2420 592 2472 tandem
611 2429 643 2480 et
661 2419 734 2488 ipsit
762 2419 891 2490 primunr
909 2431 969 2471 uon
987 2431 1053 2475 esse
1072 2413 1260 2476 necessarios

205 2511 398 2576 Christiano,
424 2521 488 2575 tom
506 2512 531 2566 si
554 2503 651 2594 nullae'
663 2523 780 2586 essent,
810 2511 917 2572 meiius
940 2525 1025 2576 esse,
1056 2524 1091 2564 ac
1121 2504 1175 2582 pe'r
1196 2507 1260 2562 hoc

204 2605 242 2673 ιιι
264 2605 434 2686 Scripturas
459 2617 489 2661 et
511 2621 576 2660 rem
598 2605 825 2672 theologicam,
850 2603 929 2659 sicut
949 2604 1063 2658 asinum
1088 2602 1124 2656 ad
1146 2601 1259 2672 tyram:

203 2714 261 2762 pec
281 2715 337 2768 ego
361 2698 424 2754 illos
447 2715 577 2772 unquam
599 2717 664 2755 mea
687 2699 887 2772 disputatione
906 2700 1043 2768 dignatus
1060 2697 1185 2754 fuissem
1200 2697 1260 2754 nisi

203 2809 261 2866 pro
284 2793 395 2864 populo
423 2794 535 2851 Christi
561 2795 776 2867 phrentpotss‚
805 2795 1025 2869 matuologos‚¹
1051 2793 1207 2862 'authadee
1228 2802 1261 2850 et

202 2887 429 2944 aaschrocerdes
442 2890 628 2958 oportuisset
644 2891 841 2960 redarguere:
869 2887 1064 2944 nihilomiuus
1079 2897 1181 2943 tamen
1201 2889 1258 2945 has

113 3051 117 3060 .
203 2995 254 3040 res
282 2981 424 3036 leviculus
446 2993 478 3038 et
501 2983 585 3039 nihili
609 2985 706 3052 magni
733 2986 782 3042 isti
808 2995 838 3038 et
862 2985 1000 3053 generosi
1022 2983 1156 3053 theologi
1182 2983 1260 3039 adeo

204 3081 312 3130 curent
330 3074 455 3142 misere,
486 3078 561 3133 eden
583 3081 703 3151 pompis
722 3081 769 3135 vei
790 3079 886 3136 anxiis
906 3081 1008 3136 inflare
1027 3089 1199 3148 consutor,
1225 3087 1261 3134 ιιι

155 3201 159 3208 ,
204 3169 234 3224 in
258 3169 294 3224 iis
322 3185 474 3224 summum
503 3181 533 3225 et
552 3173 674 3228 nomine
697 3183 728 3228 et
754 3153 843 3229 officii
867 3174 912 3229 sui
942 3175 1036 3229 decus
1062 3175 1259 3230 constituisse

203 3259 381 3330 videantur,
400 3263 520 3320 interim
540 3265 701 3336 theologiae
718 3269 871 3338 legitimo,
893 3278 922 3322 et
943 3269 1024 3338 quod
1046 3267 1082 3322 sd
1103 3283 1167 3322 rem
1190 3283 1260 3337 per.

118 3416 121 3427 ,
205 3359 297 3429 tinet,
323 3360 422 3416 officio
449 3361 792 3433 penitusposth'sbito,
824 3375 855 3418 et
876 3352 905 3418 in
928 3361 1075 3418 sabbatha
1092 3363 1259 3418 translato:

204 3467 266 3508 non
281 3455 402 3524 quidem
414 3455 491 3511 lucri
509 3463 560 3510 eut
579 3456 679 3525 gloriae
697 3458 903 3526 emulatione,
918 3457 975 3512 uisi
994 3457 1092 3514 minus
1108 3457 1262 3530 principe.

201 3543 273 3600 liter
290 3564 345 3619 per
363 3549 502 3607 occidens
520 3558 551 3606 et
568 3550 598 3604 in
616 3551 768 3624 potentia,
788 3552 881 3620 modo
897 3542 959 3608 n'on
972 3553 1011 3606 sit
1023 3551 1112 3606 nimis
1125 3561 1259 3608 remota.

274 3640 406 3712 Quando
430 3653 531 3700 autem
553 3661 631 3716 ego,
660 3646 730 3702 Deo
757 3646 899 3713 volente,
929 3646 1057 3714 digniori
1080 3645 1262 3702 conditione

204 3733 309 3791 uivere
337 3753 399 3792 non
423 3739 606 3811 permittor,
639 3757 730 3813 quam
757 3749 792 3797 ut
817 3755 888 3796 cum
916 3739 1082 3810 nugacibus
1111 3749 1142 3796 et
1170 3742 1261 3798 vanis

207 3903 735 3936 m...-

259 4031 289 4082 ι)
317 4028 447 4107 detege.
469 4039 626 4080 ιιιιιιιιιι.
663 4049 691 4102 Ι·
794 4007 798 4012 ’
