2760 4556
506 254 509 266 ·
605 251 696 326 ms.
1061 340 1072 360 α
1121 254 1180 324 m
1286 211 1290 218 ’

17 419 19 466 l
123 419 205 478 siam
216 405 294 490 pens
310 407 545 486 desererem),
561 411 670 470 heusto
684 384 789 468 nescio
804 427 866 484 quo
881 411 965 482 grssi
982 402 1177 474 iicommouo

122 512 296 580 stomachi,
313 511 367 566 sed
385 510 510 566 resilui.
545 507 643 566 Hodie
660 508 768 564 tertius
787 505 851 564 dies
870 516 917 564 est
936 507 1098 572 adventus,
1120 525 1178 568 nec

121 609 193 664 dum
215 606 277 662 vidi
297 604 582 662 reverendissimum
602 601 771 658 Dominum
790 599 956 672 Legatum:
982 603 1050 660 misi
1076 612 1177 662 tamea
1272 641 1275 666 t

120 691 220 772 primo
241 699 342 755 statim
360 699 408 754 die
425 698 598 757 Ductorem
615 696 832 752 wenceslaum
850 705 880 750 et
905 696 1017 766 alium,
1044 699 1095 770 qui
1123 716 1176 754 ms

120 795 225 850 edesse
250 793 431 862 nuntiarent.
477 791 604 848 Interim
630 789 706 848 mihi
724 789 843 862 publice
867 789 964 860 lides,
990 807 1045 848 sen
1073 793 1176 850 salvus

17 871 19 880 .
121 889 293 964 conductus
318 887 355 942 ab
382 886 570 944 amicissimis
588 893 710 958 paratur
728 886 805 956 apud
824 883 1016 954 Caesareanos
1035 897 1066 942 et
1084 888 1175 942 Sena.

118 993 192 1038 tum.
231 983 348 1038 Omnes
371 991 441 1038 snnt
465 981 621 1054 spontanei
648 989 679 1036 et
705 978 880 1051 obsequiosi
899 980 930 1034 in
954 997 1024 1050 me,
1051 983 1172 1054 nominc

116 1076 313 1144 illustrissimi
332 1075 482 1146 Principis
499 1075 607 1131 nostri.

186 1169 278 1226 Licet
285 1171 364 1226 enim
374 1169 537 1226 Cardinslis
546 1169 609 1242 ipss
624 1168 892 1226 reverendissimus
904 1169 1035 1240 Legatu's
1049 1185 1172 1228 omnem

117 1263 308 1320 clementiam
324 1263 501 1336 promittet.
521 1263 627 1318 nolunt
645 1273 746 1320 tamen
765 1265 852 1322 smici
865 1266 901 1332 b)
920 1266 1120 1336 perluitters,
1137 1276 1172 1322 ut

114 1358 295 1429 simpliciter
320 1357 361 1414 illi
384 1357 551 1414 confidam:
582 1358 657 1415 odeo
683 1367 792 1414 curant
819 1375 884 1416 rem
903 1369 934 1416 et
951 1361 1115 1433 prudenter
1141 1367 1172 1417 st

116 1455 287 1524 diligenter.
331 1451 536 1514 Sciunt·euim
562 1465 628 1508 esse
653 1469 723 1508 eum
746 1453 777 1510 in
795 1469 845 1510 ms
867 1454 1168 1510 exacerbatissimum
1201 1479 1208 1490 ’

17 1575 20 1586 ·
116 1551 211 1616 intus,
240 1546 385 1619 quicquid
403 1547 523 1628 simulet
547 1547 644 1604 ioris:
668 1551 750 1621 quod
768 1555 798 1604 et
817 1565 873 1620 ego
892 1547 1027 1608 intellexi
1045 1549 1166 1606 aliunde
1278 1553 1283 1562 '

114 1659 174 1698 uon
193 1641 337 1698 obscure.

179 1736 281 1792 Hodie
305 1743 409 1792 sutem
430 1737 553 1794 omnino
580 1739 737 1806 accedam,
765 1746 796 1794 et
820 1737 951 1810 primunr
982 1738 1168 1810 colloquium

115 1839 144 1888 et
160 1839 362 1904 conspectum
380 1840 498 1904 petam:
520 1832 591 1905 quid
610 1833 745 1888 iuturmu
763 1833 819 1903 sit,
837 1833 953 1890 nescio.
988 1833 1064 1888 Aliis
1083 1831 1167 1888 vide.

113 1935 161 1980 tur
178 1925 209 1981 in
226 1941 293 1982 rem
312 1941 411 1982 meam
430 1943 516 1996 esse,
549 1931 631 2000 quod
649 1923 756 1984 sbs'ens
775 1935 823 1984 est
841 1925 1006 1983 Csrdinalis
1026 1925 1168 1984 Gurcen.

113 2019 173 2084 sis,
192 2019 255 2076 aliis
276 2035 416 2092 quoqne,
443 2020 525 2094 quod
544 2021 651 2078 absens
669 2031 715 2078 est
733 2031 763 2078 et
781 2019 844 2093 ipse
865 2019 975 2076 Caessr.
1010 2017 1091 2106 Nam
1114 2019 1168 2074 hic

17 2173 18 2182 χ
114 2129 174 2172 non
192 2113 279 2183 longe
299 2115 402 2184 abest,
426 2116 562 2187 quotidie
581 2112 958 2188 expectntnr⁰)'revsrti:
987 2121 1018 2169 st
1035 2111 1165 2185 Episco-

114 2223 169 2276 pus
197 2209 393 2276 Angusteusis
417 2193 504 2266 abes't
530 2209 566 2265 ab
592 2211 678 2270 urbe.
726 2207 844 2266 Caenlvi
868 2207 934 2264 heri
953 2207 1031 2282 spud
1050 2206 1167 2262 Conrs.
1246 2259 1262 2282 ,λ

115 2300 188 2356 dum
213 2301 406 2374 Peuttiugcr,
431 2305 627 2374 Ductorem,
657 2315 687 2360 st
711 2297 866 2359 civem-er
893 2303 1011 2370 virum,
1046 2301 1166 2374 qualem

112 2397 221 2452 melius
239 2399 331 2454 nosti:
352 2399 498 2472 qui-unus
512 2401 647 2456 omnium
663 2408 709 2455 est
728 2395 757 2454 iu
776 2413 842 2454 mee
860 2413 894 2453 rs
913 2396 1167 2464 studiosissimus,

110 2506 167 2546 nec
186 2492 304 2560 segnius
323 2503 479 2550 senatores
498 2495 567 2562 alii;
600 2503 689 2566 atque
707 2473 812 2550 nescio
833 2510 869 2548 an
888 2490 1164 2548 reverendissimus

107 2583 259 2642 Dominus
278 2585 409 2658 Legatus
427 2605 477 2646 me
495 2593 614 2661 timent,
643 2589 690 2646 sel
710 2597 883 2649 monstrum
902 2588 971 2644 alst.

172 2681 247 2738 Heri
267 2685 303 2738 sd
321 2701 370 2738 me
388 2685 471 2740 misit
489 2694 595 2742 orator
611 2683 853 2752 Montisierrsti,
871 2691 905 2738 ut
924 2697 962 2736 nc
981 2680 1161 2736 secederem

105 2777 274 2848 Legatum,
300 2778 357 2835 uisi
375 2780 459 2852 prius
477 2795 597 2836 mecum
616 2777 674 2836 sibi
692 2777 799 2834 fuisset
817 2777 1055 2832 interlocutum:
1080 2773 1164 2827 uenit

102 2872 196 2930 homo
223 2864 382 2942 (omnium
402 2874 543 2948 judicio)
569 2875 752 2930 subornatus
777 2883 808 2927 et
827 2888 843 2925 a
863 2869 976 2939 Legato
996 2869 1162 2938 instructus

103 2968 253 3022 simultis
273 2967 375 3024 verbis
394 2971 616 3042 rarissimisque
635 2967 751 3036 (ussit)
772 2965 907 3022 consiliis
925 2977 1047 3017 mecum
1065 2961 1163 3016 omui.

100 3075 137 3114 uo
166 3061 246 3129 egit,
276 3073 311 3116 ut
339 3063 514 3139 simpliciter
540 3063 655 3136 Legsto
683 3064 907 3128 consentirem,
937 3059 972 3114 ad
989 3056 1162 3114 Ecclesiam

101 3156 252 3224 redirem,
281 3156 438 3224 maledicta
465 3171 663 3226 revocarem,
689 3156 863 3229 exemplum
882 3151 970 3208 mihi·
983 3165 1161 3224 proponens

99 3249 228 3306 Abbalis
250 3247 404 3306 doschimi
433 3251 619 3320 Florentiui,
653 3253 703 3322 qui
732 3254 836 3306 endem
860 3249 976 3304 ratione
1013 3243 1162 3300 meruerit

99 3359 155 3400 non
177 3359 247 3402 esse
265 3344 445 3414 haereticus,
471 3339 542 3402 licet
560 3345 703 3400 heretica
720 3345 857 3400 dixisset.
902 3341 1022 3400 Deinde
1042 3338 1159 3393 dissue.

98 3437 130 3494 sit
159 3439 259 3494 homo
286 3440 509 3510 suavissimus,
550 3457 587 3496 ne
617 3441 766 3496 rationem
797 3433 1157 3494 dictornm‘rsddereur:

97 3532 205 3600 vultis,
225 3533 343 3603 inquit,
360 3534 519 3590 hastiludia
537 3536 658 3591 facere?
683 3533 819 3588 breviter
838 3531 932 3587 Italus
950 3537 996 3584 est
1014 3537 1045 3582 et
1063 3524 1156 3580 Italus

96 3616 258 3692 manetd)
294 3625 361 3696 Ego
376 3645 451 3684 vero
469 3630 548 3687 dixi:
568 3632 592 3686 si
612 3641 721 3702 potero
740 3625 861 3695 doceri,
881 3625 967 3680 aliter
985 3635 1001 3679 s
1018 3637 1068 3678 me
1088 3635 1158 3677 esso

142 3787 176 3834 s)
206 3781 361 3836 Godlen.
383 3783 521 3834 defecerim.
632 3801 637 3813 ¹

143 3861 178 3914 b)
207 3861 471 3916 tiodiem-line.
1157 3875 1177 3917 ἱ
1208 3871 1211 3880 ’

141 3943 176 3988 el
206 3938 282 3986 cod.
303 3939 372 3992 Jen.
396 3951 572 4002 exspectamus.
688 3999 691 4006 .

125 4009 171 4069 'dl
200 4017 362 4074 Comen.
386 4033 518 4080 permanet.
