2686 4558
212 229 274 364 tn
392 359 394 366 ,
698 279 787 358 tsuoi

213 454 349 512 Ενιιᾰίιο
366 460 395 508 et
408 453 463 524 pio
483 453 578 517 Viro,
612 451 748 512 Domino
768 450 904 525 Georqio
921 451 1106 522 Spoletino,
1134 469 1156 508 a
1173 453 1285 512 sceris

296 557 326 605 et
342 549 476 620 epistolis
490 545 714 621 principalibus
734 548 898 618 Sasonis,
922 563 977 606 suo
995 547 1030 604 in
1046 547 1197 606 Domino.

606 669 833 772 ‚Jssus

128 925 132 934 ,
213 827 367 923 Salutem.
412 867 489 924 Satis
517 883 658 936 magnum
684 867 833 933 animum,
859 861 952 934 mi²)
985 861 1126 931 Georgi,
1156 862 1297 950 habeo..

212 963 273 1019 Dei
285 953 438 1032 munere,
463 963 607 1018 adversus
626 960 798 1016 incendium
816 958 997 1028 Misnense‚
1020 959 1206 1034 videbisque
1230 975 1282 1015 me

213 1061 274 1114 tuis
293 1057 428 1144 consiliis
449 1067 624 1130 parentem,
651 1065 685 1111 ut
703 1065 846 1130 quantum
864 1056 980 1128 possim
996 1055 1129 1126 benigne
1148 1071 1284 1128 respon.

213 1155 311 1208 deam.
356 1151 498 1224 Denique
525 1151 680 1222 exemplar
704 1160 737 1206 tu
763 1165 834 1206 cum
859 1151 918 1206 tuis
937 1149 1077 1220 videbis,
1111 1161 1280 1222 antequem

214 1249 339 1317 edatur,
358 1247 440 1320 quod
461 1255 492 1301 et
511 1247 541 1306 in
560 1245 620 1301 isto
639 1246 754 1300 factum
775 1245 903 1314 fuisset,
927 1245 985 1301 nisi
1003 1244 1065 1318 typi
1084 1253 1155 1301 tuas
1171 1241 1282 1300 literas
1340 1283 1341 1300 t

213 1344 439 1414 praevenissent.
484 1339 667 1416 Quanquam
693 1356 792 1410 neque
823 1341 853 1395 in
883 1341 947 1406 isto,
973 1341 1089 1420 scripto
1124 1339 1282 1410 tetigerim

115 1439 120 1452 '
212 1437 300 1492 ulcus
321 1437 407 1492 istius
426 1435 577 1492 schedulae
601 1434 643 1489 ob
668 1434 871 1490 reverentiam
889 1433 1049 1508 Episcopi,
1078 1451 1148 1507 quse
1170 1451 1281 1490 revers

213 1545 259 1586 est
280 1531 473 1604 blasphema,
492 1541 522 1584 st
541 1530 572 1586 in
592 1528 789 1599 Evangelium
810 1528 924 1585 Christi
945 1531 1013 1602 plus
1031 1545 1123 1602 quam
1143 1529 1206 1584 ulle
1226 1547 1283 1584 nn.

214 1641 303 1697 quam
322 1625 445 1680 haeresis
461 1623 645 1680 furibunde:
673 1625 703 1679 id
721 1625 802 1697 quod
825 1625 935 1680 futuris
956 1625 1138 1693 ostendent,
1156 1636 1191 1678 es
1206 1641 1281 1679 con.

212 1719 332 1774 vincam
358 1719 445 1774 simul
471 1719 621 1776 inscitiam
642 1734 769 1784 eorum,
806 1719 863 1774 nisi
892 1719 1047 1788 caverint,
1079 1720 1278 1774 traducturus

209 1801 310 1868 ¹recte.
351 1811 424 1869 Nou
450 1814 545 1886 patiar
575 1813 749 1868 damnatum
776 1829 915 1868 errorem
943 1813 975 1868 in
1008 1813 1183 1884 Evangelio
1218 1813 1275 1868 Dei

213 1903 401 1980 pronuntiari
430 1908 521 1964 etiam
554 1907 591 1962 sb
621 1907 772 1964 universis
803 1907 915 1978 angelis
945 1907 1121 1990 emiorum,
1166 1917 1276 1981 quanto
1341 1945 1342 1948 η

213 2003 312 2058 minus
331 2002 368 2056 sb
387 2003 474 2058 unius
492 2001 670 2058 Ecclesiolae
688 2011 816 2058 terrenos
835 2001 936 2057 idolis.

284 2099 377 2171 Quod
394 2099 420 2154 si
437 2097 493 2154 tibi
508 2098 649 2169 videtur,
668 2097 813 2153 faciemus
832 2095 961 2152 inimicis
980 2097 1061 2153 benc
1082 2097 1226 2168 metium,
1247 2107 1276 2152 et

212 2193 413 2264 scribe'illis,
441 2194 465 2248 si
490 2193 542 2265 qui
571 2200 642 2248 sunt
667 2192 750 2262 illic,
781 2191 833 2263 qui
862 2199 892 2246 te
914 2183 1061 2260 audient,
1094 2208 1226 2248 monens
1247 2201 1276 2247 et

212 2299 344 2354 rogans,
363 2295 397 2340 ut
412 2296 520 2342 contra
533 2287 719 2351 Lutherune,
739 2297 885 2358 quantum
898 2295 1028 2359 possunt
1041 2289 1275 2358 prudentissime

207 2368 244 2434 ¹et
264 2379 436 2435 cautissime
455 2389 571 2467 ¹urgant:
603 2397 671 2436 esse
699 2381 743 2437 eis
767 2397 877 2452 magno
899 2381 1002 2436 studio
1020 2397 1147 2453 parsum
1172 2384 1202 2439 in
1220 2384 1274 2438 isto

212 2473 348 2544 scripto,
367 2474 442 2529 nesi
461 2473 603 2544 incipiant
616 2475 693 2530 v‘elle
709 2476 814 2544 fugere
827 2473 983 2548 pruinam,
1003 2475 1179 2532 obruentur
1198 2478 1276 2532 nire.

187 2558 279 2626 'Nisi
308 2568 396 2628 enim,
417 2565 506 2624 Deus
535 2585 585 2624 me
612 2569 739 2639 privarit
764 2585 856 2625 sensu
882 2568 988 2641 (quod
1021 2570 1115 2627 faciat
1140 2587 1198 2643 pro
1223 2587 1277 2627 sus

212 2661 522 2735 opumsvotuntste)
543 2663 679 2718 futurum
701 2671 763 2731 est,
782 2665 807 2719 ei
829 2673 949 2721 stercus
972 2661 1028 2732 (ut
1048 2663 1185 2738 dicitnr)
1211 2682 1276 2722 em.

184 2786 188 2796 ι
211 2755 293 2837 plius
311 2757 487 2826 moverint,
513 2757 602 2814 latius
627 2767 658 2814 et
686 2757 817 2815 crassius
842 2757 989 2816 foetebit:
1015 2776 1080 2816 non
1106 2762 1191 2832 quod
1217 2771 1276 2818 tem

178 2871 180 2876 ’
210 2851 327 2922 magnis
347 2863 377 2906 et
392 2852 492 2909 multis
511 2853 584 2910 viris
602 2853 718 2922 minor,
736 2853 790 2909 sed
812 2855 893 2928 quod
913 2854 1031 2910 doleam
1053 2863 1086 2910 et
1107 2857 1276 2928 compatiar

211 2961 321 3004 eorum
339 2947 527 3017 ignominias,
544 2963 636 3022 quum
649 2947 707 3004 sibi
720 2947 964 3005 irrevocabiliter
982 2949 1042 3005 hac
1056 2950 1173 3008 infelici
1189 2951 1277 3008 sobe.

185 3039 281 3095 .dula
307 3049 551 3104 contruxerunt,
583 3050 614 3098 et
639 3043 722 3113 quod
748 3036 823 3100 inihi
845 3044 962 3116 cupiam
992 3045 1022 3100 in
1046 3043 1107 3100 hac
1140 3063 1175 3102 re
1197 3045 1278 3113 lieri,

210 3133 240 3191 id
278 3133 336 3192 huc
369 3135 487 3191 ratione
520 3137 563 3192 eie
597 3139 736 3194 offeram.
780 3137 847 3208 Ego
879 3154 943 3194 non
975 3138 1151 3209 acciperem
1183 3141 1279 3196 totius

210 3228 313 3286 mundi
332 3245 425 3302 opes,
452 3241 488 3286 ut
505 3232 572 3286 talis
590 3231 744 3290 schedulas
761 3241 849 3288 autor
868 3232 1034 3297 invenirer.

186 3345 191 3359 ‘
280 3328 382 3397 Atque
405 3325 521 3382 utinam
540 3326 620 3382 inter
641 3343 675 3382 se
701 3327 929 3384 communicato
954 3328 1087 3385 consilio
1109 3343 1203 3394 seno,
1230 3334 1281 3384 ent

210 3420 337 3474 omnino
364 3430 526 3490 tacerent,
554 3431 604 3476 aut
622 3423 675 3477 via
708 3421 864 3480 charitatis
891 3433 959 3478 sese
988 3431 1220 3495 expungerent:
1252 3423 1278 3480 si

210 3527 285 3568 vero
307 3513 357 3581 vi,
375 3514 481 3582 minis,
500 3515 644 3582 scientia,
663 3517 802 3586 ingenio,
828 3525 892 3570 erte
914 3525 966 3571 aut
991 3525 1057 3573 astu
1083 3534 1152 3574 rem
1176 3533 1278 3588 coepe.

174 3681 177 3686 Δ
210 3605 272 3660 rint
294 3607 420 3676 moliri,
446 3607 559 3665 videbit
576 3609 730 3672 Dominus
750 3610 883 3666 sedabit
902 3611 997 3680 mihi,
1023 3621 1057 3667 ut
1076 3611 1274 3684 observaturi

112 3737 118 3742 -
146 3751 147 3763 ,
209 3702 280 3755 meo
304 3716 378 3756 naso
399 3703 452 3757 vix
471 3705 604 3760 illudant.
641 3703 734 3780 Quod
754 3705 779 3762 si
801 3705 964 3762 infeliciter
983 3707 1176 3776 simularint,
1197 3707 1280 3762 sient

201 3792 240 3872 ,⁵⁸¹
260 3793 317 3848 ists
337 3794 480 3850 schedula
498 3799 653 3868 fecerunt,
672 3815 795 3856 causam
811 3800 1047 3872 pessundabant.
1085 3801 1114 3857 Si
1134 3817 1185 3856 me
1207 3818 1280 3857 coo.

124 3965 127 3972 Ι
208 3889 273 3944 sule
290 3889 467 3946 schedulam
483 3893 658 3961 edidissent,
675 3895 706 3950 in
723 3893 807 3953 bunc
821 3896 948 3956 modum
966 3897 1181 3968 scripsissent:
1201 3912 1278 3952 ecce

263 4073 293 4119 sl
322 4073 369 4149 ῦς
372 4073 395 4128 d.
410 4073 425 4126 J
433 4085 477 4121 en.
493 4075 604 4150 *optime
