2716 4556
574 281 665 352 1519.
828 251 876 318 ·'
1076 269 1237 348 ³5ss

91 441 237 510 suteris,
275 455 339 512 qun
373 441 408 514 in
430 439 556 512 epistola
590 457 657 496 mea
676 437 870 510 ,dilacerem
906 456 963 511 pro
1000 449 1139 518 ternpore

90 537 191 592 solam
210 551 276 590 eam
292 543 407 606 purtem
422 535 557 606 accipio,
576 535 606 590 in
622 525 679 606 rpus
699 543 728 588 et
748 518 782 589 tu
801 535 931 600 maxime
952 553 983 592 es
1002 540 1140 606 negotio.

91 645 167 692 sus,
195 640 226 684 at
246 629 292 684 rei
307 629 401 714 totius
418 646 499 700 paene
514 643 630 684 summe
648 630 773 700 pendet:
802 646 908 701 nempe
919 632 1006 702 ’qnod
1029 649 1141 704 propo.

92 724 220 780 sitiones
236 722 451 791 carolorum,
470 725 633 794 praesertim
653 726 724 780 duas
741 726 878 796 priores,
897 727 990 794 prims
1011 711 1142 798 disputass

90 819 178 874 tione
193 827 350 885 traotstas,
368 818 429 874 dixi
448 835 463 873 a
484 829 711 886 toeoncessas,
729 831 758 874 et
782 819 849 874 inde
872 837 936 890 quae
959 833 1141 891 sequuntur,

93 911 131 966 sd
158 912 223 966 illas
246 911 341 967 intuli.
388 909 519 968 Interim
541 923 574 969 tu
603 915 722 970 fortiter
747 929 835 1000 para,
864 915 970 984 quibus
997 916 1142 983 atticpios

90 1004 245 1076 «lobannis
265 1005 345 1062 Huss
362 1021 440 1062 ame
461 1018 595 1064 assertos
616 1019 645 1062 et
668 1008 830 1064 concilium
852 1007 1007 1064 Nicaeum
1025 1025 1081 1082 pro
1094 1025 1142 1065 me

92 1100 225 1170 fecisse,
251 1113 410 1170 coarguas.
443 1101 500 1156 Sed
526 1103 602 1158 heus
625 1119 746 1158 memor
773 1113 861 1172 esto,
886 1121 946 1158 non
971 1106 1001 1178 in
1021 1108 1143 1164 theatro

90 1193 234 1268 Lipsensi
262 1187 293 1250 te
318 1195 401 1263 fore,
427 1199 457 1250 'et
483 1197 519 1252 nd
540 1197 657 1252 laudem
679 1195 868 1266 Lipsensium
895 1198 942 1252 vel
964 1209 1044 1254 tuam
1069 1200 1161 1270 nihil(

93 1289 181 1359 sequi
202 1277 234 1343 in'
250 1287 330 1344 bona
355 1271 621 1362 obesaquentia'et
641 1303 726 1346 extra
752 1291 899 1363 Lipsiam:
923 1295 1001 1349 seito
1022 1307 1145 1366 qaoque

91 1382 266 1438 Lutberum
278 1383 341 1454 jam
356 1401 417 1440 non
433 1387 583 1458 opptivum
597 1396 702 1462 tuum,
720 1404 777 1442 neo
795 1384 822 1441 in
846 1399 925 1451 terra
941 1390 1144 1458 inimicorum,

93 1479 125 1536 in
146 1493 201 1534 sus
226 1477 338 1534 bareas
361 1481 545 1538 consisteret
571 1491 618 1550 et,
643 1483 724 1552 quod
751 1499 840 1553 spero
868 1491 897 1536 te
924 1471 1043 1552 facire,
1077 1493 1146 1540 anto

95 1573 199 1630 omnis
219 1572 374 1630 Christum
391 1591 481 1644 roga,
507 1592 568 1646 quo
589 1575 672 1631 solus
692 1576 773 1646 ipse,
802 1575 850 1648 qui
872 1577 987 1632 veritas
1005 1585 1068 1647 est,
1092 1585 1147 1634 nd.

94 1665 145 1724 bis
162 1667 348 1724 certantibus
365 1669 483 1736 vincat,
500 1670 687 1744 gloriamque
706 1681 840 1727 nostram
857 1672 977 1744 perdat,
1004 1674 1113 1727 Amen.

166 1761 298 1817 Attende
311 1762 429 1833 itaque,
448 1765 518 1834 quid
539 1779 679 1835 quaeram.
699 1767 758 1821 Has
779 1767 1002 1837 propositiones
1022 1767 1149 1824 Carolu-
1173 1757 1196 1792 '⁸

94 1855 183 1912 stadii
200 1839 274 1912 duas
293 1873 392 1912 noane
413 1857 522 1917 obtulit
536 1856 572 1924 b)
592 1859 810 1916 defendendas?
830 1859 973 1916 Liberum
990 1859 1149 1916 arbitrium

96 1957 166 2004 unte
190 1929 401 2020 grstiam‘uon
424 1952 502 2006 vaiet
524 1953 580 2008 nisi
602 1954 638 2006 sd
661 1954 859 2024 peccandum.
901 1931 1049 2008 ‘Liberum
1070 1955 1150 2009 arbi.

95 2045 190 2100 trium
214 2045 278 2101 sine
302 2047 394 2113 gratia
417 2055 501 2101 tanto
523 2045 611 2101 citius
634 2045 813 2117 propinquat
839 2027 1005 2119 iniquitati,
1036 2057 1149 2120 quanto

96 2139 209 2216 fortius
235 2139 362 2196 intendit
387 2141 509 2195 actioni.
529 2148 530 2157 ¹
549 2137 702 2194 verumne
728 2140 793 2194 hasa
814 2140 905 2194 dico?
940 2138 1021 2214 Quid
1048 2150 1149 2200 autem
1200 2149 1225 2204 ,“

97 2233 213 2292 amisus
239 2233 373 2289 raritatis
394 2234 595 2316 aolosissimm
617 2245 647 2290 et
672 2235 792 2307 apertus
820 2236 994 2306 impugnare
1024 2251 1150 2291 veneres
1187 2290 1194 2304 ⁴

97 2327 157 2384 nisi
177 2329 316 2384 errores?
341 2327 389 2382 Sia
408 2329 444 2382 de
466 2337 495 2382 te
520 2329 587 2400 ipso
598 2329 708 2398 jactas.
740 2316 846 2384 'Falsas
869 2345 941 2398 ergo
964 2329 1019 2384 hss
1039 2346 1152 2401 propo.
1187 2341 1190 2352 ·

97 2423 225 2478 sitiones
245 2421 367 2478 tenebas
386 2433 416 2478 et
438 2423 533 2478 teneri
557 2423 691 2480 volebas.
734 2423 863 2479 sienim
889 2439 975 2480 veras
1006 2423 1151 2496 putabas,

99 2531 159 2573 our
174 2517 366 2590 impugnabas
385 2517 524 2576 veritatis
539 2517 701 2574 defensor?
727 2551 731 2562 ·
793 2562 795 2571 .

170 2613 212 2666 At
238 2612 268 2667 in
293 2611 390 2670 media
414 2611 614 2682 disputatione
640 2629 726 2668 veras
748 2628 815 2668 esse
836 2610 1030 2676 concessisti,
1055 2610 1152 2665 iibere

97 2707 314 2780 pronuntians,
343 2705 470 2761 libermn
500 2707 657 2762 arbitrium
681 2689 745 2770 sine
769 2707 861 2776 gratia
889 2723 950 2761 uon
976 2721 1066 2778 posse
1094 2704 1178 2762 nisi.

46 2801 56 2810 '
96 2801 214 2856 malum
232 2801 341 2856 iacere.
377 2801 532 2858 Addebas:
558 2819 615 2857 neo
634 2791 835 2858 scholasticos
855 2801 999 2855 doctores
1020 2813 1153 2870 unquam

97 2895 359 2962 siiuddoauisse,
392 2895 433 2955 ob
457 2897 546 2968 idque
572 2895 699 2965 negabus
731 2905 760 2948 te
791 2883 934 2962 Sc'otum,
969 2887 1152 2964 capreolum

95 2989 189 3045 tueri.
234 2989 304 3045 Haeo
324 2991 412 3057 dico,
437 3007 497 3046 uon
521 2991 628 3046 timeus
653 3003 721 3044 tuos
752 2981 929 3059 Lipeenses,
956 2998 1034 3056 quos
1061 2989 1154 3044 toties

95 3085 175 3140 mihi
197 3083 308 3140 frustra
323 3085 469 3142 intentas:
496 3088 581 3140 testis
603 3095 648 3139 est
668 3085 781 3148 horum
798 3084 931 3140 omnium
953 3093 1050 3137 totum
1071 3082 1155 3138 sudi..

96 3179 225 3236 terium.
261 3177 326 3248 Ego
347 3195 418 3235 sane
438 3179 503 3250 haeo
523 3179 664 3248 audiens,
683 3178 868 3248 gaudebam,
887 3189 948 3232 tam
969 3175 1031 3239 cito
1055 3185 1085 3232 te
1106 3192 1158 3230 re.

96 3273 191 3330 diissa
212 3275 243 3330 itt
263 3274 356 3343 virm,
378 3285 467 3344 atque
482 3275 546 3344 jam
566 3274 658 3348 totius
677 3263 885 3344 disputationis
905 3271 992 3326 finem
1011 3285 1077 3326 esse
1100 3271 1156 3326 du.

96 3368 228 3438 cebant,
247 3369 365 3439 quando
387 3383 427 3423 ex
444 3369 503 3424 hac
522 3367 565 3422 rei
587 3384 701 3423 summa
720 3367 783 3422 iere
801 3368 900 3423 omniu
922 3349 1100 3438 pendebant.

171 3449 242 3520 Hra'o
257 3464 357 3535 itaque
373 3463 417 3518 rei
435 3477 552 3518 summa
568 3473 633 3531 est,
650 3478 739 3534 quam
757 3478 837 3518 punc
854 3460 985 3532 opiinus:
1016 3477 1108 3531 quere
1125 3465 1156 3514 et
1206 3451 1209 3458 “

96 3559 236 3630 epistoiao
262 3575 335 3614 meaa
361 3557 512 3614 rationem
535 3559 612 3614 audi.
652 3555 719 3628 Ego
740 3575 810 3613 eum
835 3559 1050 3629 disputatorem
1074 3549 1156 3609 vinci

91 3655 221 3724 judico,
241 3653 291 3724 qui
306 3653 335 3708 id
351 3663 481 3718 asserat,
502 3653 583 3723 quod
604 3653 684 3723 prius
700 3653 928 3724 impugnaverit.
956 3648 1000 3706 Ita
1023 3665 1158 3724 promm-

97 3746 176 3802 tiasi
189 3755 219 3800 et
233 3747 413 3817 pronuntio,
432 3745 561 3803 anium
577 3749 710 3818 victum,
731 3749 970 3808 cuotosudium
987 3747 1158 3806 vinorum

89 4093 98 4106 k
150 4047 189 4100 b)
219 4048 260 4094 du
270 4056 355 4106 ποετ.
372 4043 439 4101 iaistb
454 4045 575 4096 obmutui.
