2756 4558
199 223 260 345 ιιι
335 297 344 306 ·
406 335 409 344 ,
562 291 567 300 ·
677 265 766 336 1519.

578 349 590 380 o

533 454 540 470 ·
637 421 809 484 desus-

198 558 349 652 Salutem.
392 589 508 648 Cleusis
527 588 623 645 literis
643 587 820 660 prioribus,
849 584 891 642 mi
912 585 1079 656 Spelutine,
1108 583 1192 642 misit
1209 559 1250 642 id

198 676 248 748 me
264 691 306 745 D.
325 687 479 754 Andreas,
499 701 572 757 ques
588 685 622 740 ad
639 700 708 738 eum
723 679 830 738 dedisti
849 681 967 744 literas,
984 677 1131 736 similibus
1146 682 1252 753 queri.

198 787 308 844 moniis
326 785 444 866 plenas,
464 783 503 838 ita
526 791 558 836 ut
583 791 612 834 et
630 796 686 849 ego
704 793 798 850 prope
816 775 940 832 fuissem
957 775 1118 832 stomacho
1133 787 1252 833 motus.

199 883 295 950 Urges
317 895 364 937 ms
384 878 419 936 ud
440 875 633 933 revelandum
651 872 811 956 consilium
831 887 943 928 meum.
987 869 1059 942 Νοιι
1080 871 1165 944 quod
1181 871 1254 928 nol.

198 977 258 1033 lem
280 975 425 1046 tescire,
445 971 516 1045 quid
535 978 689 1042 spectem,
707 968 758 1023 sed
781 967 862 1038 quod
882 965 991 1026 seiam.
1017 965 1154 1022 revelare
1174 982 1255 1024 con.

199 1069 264 1124 silia
287 1069 324 1124 sit
347 1066 445 1136 idem,
470 1065 551 1138 quod
574 1063 658 1140 irrite
685 1061 783 1119 fecere
808 1059 950 1129 consilia,
975 1061 1143 1133 presertim
1162 1062 1189 1117 si
1208 1077 1254 1117 ex

197 1163 269 1220 Deo
285 1164 372 1230 sint,
380 1164 438 1232 qui
450 1158 584 1226 omnium
601 1155 875 1236 impatientissimus
897 1155 957 1209 lert
975 1172 1029 1210 sua
1046 1155 1172 1211 consilis
1193 1173 1253 1212 ιιιι.

199 1257 279 1324 duri,
301 1271 459 1326 antequem
478 1255 598 1325 impieta
616 1262 686 1308 sunt
704 1249 803 1318 (sicut
821 1249 893 1304 dicit
911 1266 965 1322 per
982 1249 1121 1322 Esajsm3
1139 1255 1174 1306 r'rt
1193 1267 1255 1308 no·

198 1351 330 1408 vissimis
359 1348 533 1422 intelligetis
563 1346 721 1404 consiliron
743 1341 860 1416 ejus):
896 1345 1018 1415 perdam
1054 1343 1153 1418 itaque
1187 1347 1254 1404 hoe

198 1461 299 1500 meum
324 1444 502 1512 consilium,
522 1442 597 1498 mihi
621 1457 692 1497 sune
711 1439 980 1534 jucundissimum,
999 1449 1049 1496 tua
1067 1455 1194 1510 cuusst,
1211 1457 1253 1498 ne

200 1549 275 1598 estu
296 1540 491 1606 excrucieris.

268 1633 332 1688 Scis
355 1633 427 1695 ntilti
446 1649 518 1686 rem
542 1647 608 1686 esse
631 1646 702 1686 cum
726 1627 877 1699 subdolo,
902 1626 1055 1698 superbo,
1074 1629 1252 1701 versipelle,

105 1725 109 1734 '
200 1727 336 1784 clamoso
354 1725 504 1798 sophista,
530 1725 635 1782 deinde
654 1725 705 1795 qui
727 1723 756 1778 id
775 1723 863 1778 unice
881 1718 1016 1794 spectet,
1039 1737 1101 1792 quo
1120 1739 1168 1780 me
1190 1733 1254 1778 tra.

201 1823 291 1880 ducat
314 1822 435 1892 vulgo,¹
459 1831 489 1876 et
516 1817 658 1875 Pontifici
689 1818 793 1872 reddet
821 1818 967 1875 devotum
997 1815 1141 1872 omnibus
1169 1818 1256 1896 diris.

199 1915 260 1972 llus
281 1917 359 1970 enim
384 1915 503 1970 insidias
528 1929 596 1968 suas
620 1911 822 1982 iniquissimas
846 1910 1011 1980 intelliges,
1044 1911 1069 1966 si
1097 1911 1163 1982 ejus
1191 1912 1253 1970 ΧΠ

203 2009 416 2066 conclusiones
431 2005 464 2077 ²)
487 2007 584 2083 legas.
605 2006 759 2064 ,Proinde
785 2013 815 2060 et
839 2021 895 2074 ego
922 2006 956 2062 ud
979 2006 1106 2062 insidias.
1129 2021 1257 2078 versus,

201 2107 262 2160 suis
280 2120 348 2157 eum
365 2103 478 2157 artibus
496 2103 708 2162 confecturus,
731 2100 770 2154 its
787 2099 874 2170 posui
884 2100 941 2154 Xll
960 2101 1132 2170 contraria,
1154 2111 1188 2158 ut
1205 2101 1256 2158 itte

108 2255 112 2264 ,
199 2197 369 2251 certissime
387 2208 545 2265 praesumat
556 2213 588 2251 se
604 2194 816 2266 triumphasse,
835 2204 865 2250 et
883 2198 955 2251 dum
969 2210 1030 2266 pras
1040 2195 1150 2264 gaudio
1163 2211 1258 2252 enoc.

200 2289 294 2346 mium
309 2290 463 2356 cecinerit,
473 2289 542 2348 Deo
557 2291 677 2344 volente
691 2287 791 2344 statim
804 2304 836 2344 se
851 2287 974 2342 irrideat
987 2305 1090 2354 coram
1101 2289 1256 2346 omuibus.

270 2383 339 2434 Scio
362 2383 460 2450 enim,
485 2384 566 2454 quod
592 2399 631 2437 ex
653 2385 712 2438 buc
734 2393 822 2454 parte
840 2382 1011 2453 irrupturus
1030 2392 1095 2450 est,
1123 2383 1261 2440 clemens
1362 2383 1363 2400 ¹

201 2491 237 2529 ec
256 2476 407 2542 gestiens,
436 2478 517 2546 quod
537 2493 597 2530 ιιοιι
620 2479 734 2546 possim
756 2473 904 2548 probare,
929 2491 986 2530 nec
1011 2479 1256 2546 supputationem
1278 2477 1295 2504 ‘

200 2583 349 2624 annorum
371 2581 453 2624 recte
479 2569 648 2638 tenuerim,
678 2573 746 2640 qnia
770 2571 860 2638 longe
889 2579 955 2624 ante
978 2566 1029 2623 dou
1055 2585 1167 2637 asinos,
1192 2571 1257 2628 ime

201 2675 269 2718 ante
285 2665 365 2718 mille
387 2680 479 2719 annos
503 2680 626 2736 quoque
646 2665 782 2720 Rontrme
800 2661 938 2720 Ecclesia
957 2665 1083 2719 decreto
1105 2663 1254 2734 ediderit,

153 2784 156 2791 ,
199 2759 367 2834 presertim
392 2755 491 2812 Julius
520 2758 636 2828 primus
657 2761 816 2832 proximus
844 2757 970 2826 Niceno
1001 2757 1157 2826 concilio,
1190 2775 1257 2816 esse

199 2842 369 2910 Romanam
384 2829 554 2911 Ecclesiam
575 2856 710 2908 omnium
727 2854 930 2926 superiorem:
951 2869 1007 2914 nec
1024 2853 1088 2910 siue
1109 2869 1144 2908 eu
1163 2851 1257 2910 licere

199 2947 365 3009 concilium
385 2942 530 3006 indicere.
566 2948 619 3004 llis
640 2949 718 3004 eninr
741 2947 790 3010 ille
811 2947 1003 3002 securissime
1027 2947 1147 3016 fretus,
1166 2949 1257 3005 etism

200 3041 311 3103 ridebit
326 3041 460 3111 (spero)
482 3059 580 3098 meam
594 3042 803 3098 incredibilem
819 3041 975 3099 stultitiam
995 3050 1026 3098 et
1043 3043 1259 3100 temeritatem.

269 3135 352 3188 'l'um
380 3151 436 3204 ego
457 3128 594 3191 dicturus
614 3151 700 3202 sum,
730 3137 811 3207 quod
832 3137 953 3190 decreta
971 3137 1018 3190 ille
1039 3153 1193 3208 nunquam
1209 3153 1258 3192 re.

201 3232 396 3308 cepteksunt:
424 3228 477 3282 sed
496 3230 552 3287 etsi
571 3229 740 3298 Gregorius
758 3230 820 3300 lX,
838 3231 890 3301 qui
911 3224 1120 3291 De'cretulium
1139 3233 1257 3308 primus

203 3324 360 3402 collector
376 3335 435 3390 est,
455 3323 504 3394 qui
522 3323 677 3380 Friderico
693 3327 828 3382 secundo
844 3325 881 3396 ιι)
899 3337 969 3398 post
995 3327 1024 3380 S.
1042 3326 1259 3396 Franciscum,

202 3416 421 3498 licininicurm
455 3417 505 3486 qui
525 3417 653 3494 denique
678 3431 813 3475 sanctem
834 3430 970 3476 nostram
993 3419 1152 3476 Elisabeth
1167 3438 1262 3482 ceno.

202 3509 419 3576 nisuvlt,·hoc
439 3521 500 3568 est·
527 3497 661 3568 nondum
679 3511 731 3568 luo
750 3513 832 3569 annis
852 3521 1008 3573 mortuus:
1035 3515 1060 3572 si
1081 3515 1261 3573 Bonifucius

139 3626 143 3634 ·
203 3613 349 3665 octavus,
370 3605 449 3658 sexti
463 3603 685 3675 Decretslinm,
699 3609 724 3662 si
742 3607 884 3664 Clemens
894 3612 1034 3681 quintus,
1055 3610 1265 3668 clementius.

192 3711 273 3774 ¹rum
288 3703 376 3752 sutor
384 3727 396 3768 ι,
412 3713 472 3754 ιιοιι
495 3701 680 3768 redegissent
699 3703 841 3773 epistolas
855 3703 1022 3762 decretales
1041 3707 1071 3762 in
1087 3706 1259 3766 uolumina:

208 3833 735 3861 *na-*rmu-

260 3933 293 3980 ιι)
323 3926 428 3976 llnrif.
446 3931 581 4002 contiones.
660 3967 664 3974 .

260 4009 292 4074 b)
321 4007 457 4068 titillet:
481 4012 522 4074 qul
537 4025 592 4060 cum
606 4011 728 4064 friderico
744 4023 849 4069 secundo
864 4020 927 4070 vixit
941 4031 972 4070 ιι.
