2760 4556
218 280 278 356 aaa
416 333 423 344 .
607 369 613 384 ,
697 281 788 354 uu.
1035 367 1050 398 x

199 445 347 512 ,Possum
368 438 534 498 levioribus
551 440 692 514 expensis
711 440 814 499 doceri
826 439 940 499 absens
956 421 1013 518 per
1026 439 1146 514 literas,
1173 459 1266 517 quam
1337 481 1341 488 -

215 539 300 614 perdi
319 553 373 611 per
390 537 509 592 insidias
527 551 668 606 praesens.
729 522 732 528 ¹

291 623 394 710 Uuiam
419 647 476 700 rgo
501 628 607 685 intimo
629 629 723 686 corde
742 629 854 694 doleo,
879 631 961 702 quod
982 629 1078 692 litoris
1094 633 1156 689 suis
1177 649 1267 688 reve.
1320 625 1322 629 ’

214 727 409 786 rendiseimus
429 721 583 799 ¹Dominae
599 723 733 795 Legatus
751 723 875 797 oblique
893 726 1013 782 mordet
1031 726 1267 784 illustrissimam

152 816 167 870 ἰ
213 821 460 882 Dominatienem
479 829 582 888 tuam,
605 820 689 892 quasi
706 817 813 882 fiducie
837 822 977 894 potentiae
995 819 1187 877 Celsitudiais
1207 831 1267 878 tue

214 917 323 974 moliar
339 917 394 971 ista
412 895 522 984 omnia.
558 913 607 968 Sic
626 913 705 968 enim
720 923 750 970 et
766 915 841 987 apud
859 931 915 972 nos
934 915 1053 988 quidam
1070 915 1268 988 sycophantae

209 1009 423 1083 jactaverunt,
455 1017 511 1064 tuae
540 1007 731 1064 celsitudinis
761 1007 886 1064 hortatu
914 1019 945 1066 et
973 1009 1099 1066 consilio
1125 1027 1175 1064 me
1208 1009 1267 1065 ista

214 1105 399 1176 disputasse:
425 1120 494 1158 cum
513 1101 604 1171 hujus
628 1101 835 1174 disputationis
856 1103 954 1159 nullus
977 1104 1066 1158 etiam
1086 1100 1268 1176 intimorum

1272 795 1283 822 h

111 1194 124 1204 “
214 1199 382 1274 amicorum
416 1199 506 1254 luerit
534 1198 701 1266 conscius,
730 1197 787 1254 nisi
819 1197 1086 1254 reverendissimus
1110 1197 1268 1253 Dominus

135 1349 140 1360 ,
214 1291 472 1366 Arcltiepiscopus
496 1289 791 1361 Magdeburgeusis‚
832 1299 863 1348 et
886 1291 1038 1348 Dominus
1063 1289 1268 1362 Hieronymus

212 1383 383 1462 Episcopus
410 1367 716 1455 Brandenburgensis·
769 1385 834 1444 Hos
863 1387 971 1456 enim,
1012 1387 1091 1444 sicut
1121 1385 1268 1441 intererat

213 1497 321 1536 eorum
340 1481 395 1535 ista
414 1489 548 1536 monstra
569 1479 750 1552 prolrssrere,
775 1479 815 1536 ita
837 1481 959 1552 privatis
976 1481 1088 1550 literis,
1105 1490 1268 1554 antequam

213 1575 446 1646 disputationem
473 1573 619 1642 ederem,
650 1575 805 1632 humiliter
827 1587 858 1631 et
882 1585 1059 1630 reverenter
1082 1573 1207 1642 monui,
1232 1584 1269 1630 ut

213 1684 305 1740 super
331 1685 405 1724 oves
435 1668 548 1726 Christi
579 1670 737 1739 vigilarent
766 1670 910 1726 adversus
937 1671 1025 1752 lupos
1057 1669 1145 1724 istos.
1184 1669 1269 1726 Bene

212 1761 346 1818 sciebam
368 1764 434 1819 haec
454 1779 515 1819 non
535 1765 570 1818 ad
592 1757 742 1838 principes
760 1763 870 1832 laicos,
890 1765 942 1820 sed
962 1756 1121 1836 episcopos
1136 1763 1270 1834 primum

213 1857 386 1914 referenda:
407 1867 490 1914 extat
509 1859 634 1932 epistola
653 1875 734 1924 mea,
752 1858 919 1916 multorum
936 1857 966 1914 iu
983 1873 1088 1914 manus
1107 1855 1270 1920 devoluta,

213 1951 325 2013 horum
345 1953 485 2038 omnium
499 1955 596 2010 testis.
632 1953 692 2009 Ista
711 1969 767 2022 ego
785 1953 855 2008 feci.

283 2047 338 2106 Sed
362 2047 444 2118 quod
468 2063 547 2103 nunc
565 2047 655 2102 vellet
674 2045 944 2103 reverendissimas
964 2045 1118 2103 Dominus
1137 2043 1271 2131 laegatus
1321 2039 1328 2046 “

214 2149 273 2197 tuae
293 2141 502 2197 illustrissimae
518 2139 727 2198 Dominntioni
745 2131 899 2226 ‘maculam
924 2141 1044 2196 inurere
1062 2139 1182 2217 totique
1202 2156 1273 2198 san.

214 2235 294 2304 guini
312 2237 420 2289 domus
444 2233 618 2305 saxonicae,
639 2244 669 2308 et
688 2238 716 2290 in
740 2235 881 2292 invidiam
903 2235 1012 2290 summi
1034 2231 1195 2291 Pon'tilicis
1216 2251 1272 2288 vo.

214 2343 302 2382 care:
322 2327 397 2382 adeo
415 2327 555 2386 homines
573 2329 664 2384 hodie
687 2329 815 2386 credunt
836 2330 992 2386 Christum
1015 2344 1082 2384 esse
1100 2327 1272 2401 sepultum,

216 2420 300 2492 quasi
316 2437 377 2474 non
395 2429 425 2476 et
444 2437 524 2476 nunc
540 2439 595 2493 per
613 2425 724 2478 asinam
740 2423 821 2495 loqui
838 2424 953 2494 possit,
973 2432 1002 2478 et
1021 2421 1179 2496 Apostolis
1199 2438 1274 2494 apo.

214 2513 391 2586 stolicisque
411 2515 485 2570 viris
504 2517 673 2574 tacentibus
691 2533 745 2590 per
763 2515 840 2586 ligna
858 2517 1032 2596 lapidesque
1050 2517 1193 2573 clamare.

283 2607 399 2664 Verum
417 2618 511 2681 opto,
530 2627 607 2680 oro,
626 2613 736 2685 cupio,
755 2620 788 2666 ut
810 2597 1010 2668 illustrissima
1025 2619 1075 2666 tua
1090 2611 1272 2668 Dominatio
1369 2633 1370 2682 t

200 2703 246 2767 ,in
274 2702 414 2758 omnibus
443 2692 593 2762 adhaereat
615 2702 761 2762 Ecclesiae
786 2713 826 2762 ‘et
856 2723 976 2761 summo
1005 2705 1165 2774 Pontifici,
1195 2705 1272 2763 mihi

196 2789 337 2855 ‘veroin
358 2799 498 2856 omnibus
513 2799 707 2856 adversetur:
726 2800 782 2860 nisi
802 2801 830 2856 id
851 2817 944 2856 unum
960 2817 1017 2872 pro
1036 2817 1085 2856 me
1107 2799 1191 2871 (imo
1214 2817 1273 2874 pro

215 2905 318 2951 sancta
337 2895 480 2962 veritate,
500 2913 556 2968 pro
572 2893 717 2951 Ecclesiae
739 2902 769 2949 et
788 2911 844 2966 pro
865 2895 974 2950 summi
992 2893 1169 2966 Pontificis,
1189 2897 1274 2952 deni.

209 2981 274 3062 'que
293 3006 350 3062 pro
372 2990 463 3060 ipsius
486 2990 727 3050 reverendissimi
749 2987 875 3044 Domini
896 2989 1001 3058 Legati
1022 2989 1274 3071 honorehdeni.

214 3099 274 3155 que
297 3101 353 3155 pro
369 3083 518 3140 illustriss.
537 3094 595 3140 tuae
610 3083 834 3142 Dominationis
851 3083 928 3140 l'etna
947 3083 1090 3156 quoque)
1109 3083 1272 3156 supplicet,

214 3189 250 3233 ut
267 3177 399 3236 rationes
420 3179 650 3234 et.autoritates
674 3187 834 3252 appareant
855 3177 1033 3250 aliquando,
1052 3161 1162 3250 quibus
1183 3194 1273 3233 error

213 3287 301 3328 meus
321 3271 460 3328 convinci
482 3281 616 3344 putatur.
659 3273 738 3328 Nam
758 3273 821 3328 sine
842 3271 891 3328 liis
909 3288 957 3326 me
979 3272 1144 3334 damnare.
1172 3287 1273 3343 neque

214 3375 273 3422 tuae
300 3364 508 3450 illustrissimae
526 3365 737 3422 Dominationi
756 3381 854 3440 neque
872 3381 992 3421 summo
1013 3363 1154 3422 Pontifici
1173 3383 1273 3440 neque

213 3457 359 3518 Ecclesia
380 3478 478 3534 neque
499 3461 751 3518 reverendissimo
770 3461 907 3520 Domino
932 3460 1049 3530 Legato
1067 3459 1273 3517 honorificum
1367 3515 1368 3532 ,

214 3553 319 3610 luerit.
364 3555 475 3612 Vivuut
500 3555 624 3626 fideles,
652 3549 737 3611 vivit'
753 3554 912 3626 Christus,
940 3556 1047 3612 vivunt
1064 3555 1112 3610 vel
1131 3554 1274 3612 homines
1367 3539 1368 3545 ἵ

210 3634 319 3716 certe,
337 3649 387 3720 qui
403 3649 552 3720 judicent.
1256 3627 1260 3641 ⁸

284 3741 377 3814 Quod
399 3760 474 3798 vero
497 3744 766 3802 reverendissimus
784 3743 937 3804 Dominus
961 3745 1094 3818 Legatos
1117 3743 1272 3804 illustriss.

204 3831 298 3898 'tuam
315 3835 564 3894 Dominationem
582 3839 739 3909 admonet,
756 3849 791 3894 ut
811 3840 868 3898 nisi
891 3842 922 3898 in
943 3841 1051 3898 urbem
1067 3857 1117 3896 me
1135 3841 1273 3910 miserit,

215 3919 269 3985 vel⁴
289 3929 413 4002 ejecerit
439 3948 455 3985 e
484 3933 658 4002 regionibus
686 3935 767 4004 suis,
795 3933 901 3991 Rome
932 3953 1053 4014 causam
1077 3935 1274 4009 prosecuturi
1306 3985 1311 3992 .

97 4051 103 4072 ι
204 4021 274 4081 'sint
290 4036 367 4084 ete:
388 4026 553 4082 inexilium
573 4029 689 4084 irenon
704 4043 885 4102 magnopere
905 4029 1016 4100 abnue,
1037 4037 1070 4086 ut
1083 4027 1275 4102 cuiundique
