2756 4558
571 294 661 364 1519.
1081 297 1149 368 tto·

83 431 270 514 Pontifioem
288 452 382 512 unm.
394 450 542 536 omnibus
568 450 711 524 dignitate
730 449 852 522 praeire,
871 457 908 510 ιι
920 453 1144 514 venerandum

85 553 121 610 ari
149 551 235 624 qnod
251 548 422 622 sequitur,
447 559 483 604 ιιι
502 549 679 604 consulatur
704 550 734 603 in
762 547 879 616 arduis,
901 555 933 612 ιι
952 549 1143 618 surgentibus

84 644 320 714 necessitatibus
332 629 523 716 'maioribuffi
555 643 749 716 requiratur:
775 657 945 714 quanquam
965 641 1027 702 hoo
1045 645 1144 716 ipsum

85 740 233 796 aduersas
256 738 387 798 Granooa
409 738 567 810 quomodo
599 739 713 797 valeam
743 738 822 794 tueri
849 739 969 808 ignoro.
1017 735 1147 798 Noetu

88 835 171 892 euim
196 833 273 890 huie
303 833 347 888 rei
370 831 533 890 satisfacis.
576 831 649 890 Non
671 829 827 904 sequitur':
854 831 917 904 ipse
942 832 1146 900 consulendus
1191 869 1196 888 ι

87 937 157 986 est:
186 928 257 984 ideo
278 927 355 984 eitra
377 927 471 1016 ipsine
488 935 673 1000 potestatem
693 941 755 984 nou
779 925 851 998 lieet
876 926 1052 998 episcopum
1077 941 1146 984 ease

73 1025 118 1104 ¹iu
145 1022 206 1080 uiia
237 1031 342 1094 parte:
371 1039 429 1078 neo
456 1023 617 1096 quiequam
643 1021 688 1092 agi
719 1021 751 1078 in
779 1011 937 1094 Ecclesia,
968 1022 1024 1078 niai
1051 1021 1145 1094 ipsius

88 1117 245 1174 mandato.
916 1157 921 1166 ,

161 1211 292 1282 Ηιιιιο,“
283 1227 423 1286 ruqaarp,
441 1221 626 1284 potestatem
643 1225 749 1270 omnes
771 1210 972 1268 constituendi
989 1216 1021 1266 et
1041 1211 1144 1271 onnia

62 1305 219 1363 .i'aoiendi
240 1307 266 1362 si
288 1305 388 1364 tribuo
403 1305 625 1378 Pontiiinijure
646 1306 765 1364 divinos
790 1305 1023 1377 Hieronymum,
1041 1307 1147 1377 Auga-

89 1401 224 1470 stium,
255 1400 458 1475 cyprianum,
484 1403 706 1471 Atbaaaaium,
739 1400 951 1472 Gregorium,
982 1409 1013 1458 et
1041 1417 1148 1460 ornnes
1198 1443 1202 1450 -

90 1496 219 1552 orientis
241 1495 581 1584 episeoposxbaeretieos
607 1497 734 1566 fenero,
766 1496 817 1568 qui
846 1511 1000 1568 nunquam
1019 1494 1077 1552 sub
1108 1511 1147 1552 eo

90 1590 233 1657 suerunt.
251 1605 309 1646 ιιιο
326 1591 460 1664 episcopi
477 1589 535 1648 nub
549 1607 586 1648 ιο
604 1591 771 1650 constituti.
800 1589 869 1648 Neo
884 1589 964 1648 enirn
981 1592 1148 1650 eonsilium

90 1681 251 1743 Nicaeum
268 1683 334 1754 eius
348 1685 508 1742 autoritate
522 1685 708 1742 celebratum
724 1695 789 1756 est,
807 1703 865 1742 neo
880 1687 911 1742 in
930 1703 967 1744 eo
987 1688 1051 1760 ipse
1069 1688 1148 1756 fuit,

91 1791 152 1832 nen
171 1777 302 1834 vinarius
316 1777 400 1850 ejus,
418 1795 475 1834 neo
492 1780 622 1852 priapum
637 1779 742 1838 locum
763 1779 889 1840 habbitu
906 1781 964 1836 nisi
983 1782 1148 1842 ounoiliurn

90 1867 252 1932 Nieanum
280 1887 372 1957 neges
398 1889 464 1930 esse
480 1873 669 1932 uuiv'eranie.
725 1873 796 1948 Jarn
825 1876 862 1930 de
886 1875 1009 1932 statutis
1029 1873 1149 1932 aoncilii

92 1964 209 2026 Nioaani
225 1967 296 2040 quid
315 1963 428 2024 diuam:
450 1985 515 2040 qun
533 1985 590 2026 ιιιο
608 1979 714 2026 eontrn
731 1985 779 2026 οιι
796 1978 891 2028 etant:
910 1968 1017 2028 deiude
1032 1969 1149 2026 incerta

93 2057 207 2131 ubique
223 2059 394 2130 habentur,
411 2072 446 2120 ut
471 2063 571 2125 adhue
594 2063 803 2133 transumere,
823 2079 889 2136 qurs
905 2070 936 2118 et
953 2072 1064 2134 quanta
1079 2063 1151 2131 sint,

95 2161 127 2210 et
144 2156 194 2212 oui
208 2154 282 2212 iides
302 2156 481 2224 adhibenda.
514 2159 656 2230 Denique
677 2157 832 2214 Athanasii
851 2171 964 2230 opera,
982 2155 1093 2226 quibus
1113 2165 1149 2212 tu

94 2247 213 2315 uteris,
241 2248 413 2308 dubitantur
432 2267 501 2310 esre
521 2252 698 2322 Athanasii,
720 2269 756 2312 ao
773 2251 875 2324 potius
893 2251 1025 2321 Vulgarii
1045 2251 1152 2354 uuam

94 2339 234 2414 pbyiaoti
251 2351 390 2416 putantur
407 2361 487 2404 esee.
584 2407 587 2414 ,
1066 2333 1090 2374 '·

75 2475 77 2478 -
169 2435 243 2491 Jam
265 2453 327 2507 qna
349 2438 450 2497 Julius
477 2443 593 2516 primus
618 2441 701 2512 egit,
732 2451 764 2500 et
783 2441 832 2500 alii
849 2441 942 2502 Rom.
967 2441 1151 2512 Pontifices,

96 2531 160 2588 sois
177 2548 270 2604 quam
290 2533 362 2590 nibil
385 2537 577 2600 conoindnnt.
611 2537 739 2596 Petatur
761 2553 834 2608 erpo
853 2539 883 2594 in
900 2535 1066 2609 majoribus
1082 2553 1153 2596 cau·

96 2627 141 2686 aie
159 2627 252 2686 Rom.
270 2628 418 2686 Pontifex
432 2631 470 2688 ab
488 2632 545 2698 iis,
569 2634 621 2706 qui
636 2633 756 2690 uenient.
801 2633 865 2690 eur
885 2633 949 2703 ipis
970 2632 1152 2704 potestative

98 2737 134 2778 ee
155 2723 344 2790 intromittit,
370 2741 430 2780 neo
454 2726 637 2798 requisitus,
665 2727 768 2786 omnia
790 2730 941 2786 adrooans
957 2726 1033 2795 sibi,
1052 2727 1153 2782 omnia

97 2815 260 2884 mandans,
277 2817 379 2874 omnia
393 2819 576 2891 prohibebar
594 2819 812 2896 barepotestae
826 2819 954 2884 ostende
970 2801 1022 2874 ubi
1039 2820 1154 2889 tegatur

98 2911 131 2968 ia
155 2911 305 2984 antiquis?
333 2911 447 2983 Legisti
468 2916 499 2974 in
516 2915 655 2976 Dentato
677 2915 864 2986 Θιιιοιίιιιιι
882 2927 1026 2983 maguum
1046 2911 1154 2983 fateri,

100 3006 188 3078 uaipp
208 3007 350 3076 uigente
373 3023 440 3064 esee
463 3011 655 3082 superiorem
672 3009 768 3070 Rom.
784 3007 983 3086 Pontificem,
1010 3014 1154 3064 oaetarurn

97 3103 165 3160 sine
185 3102 275 3175 euipa
293 3101 431 3174 aquales
446 3103 645 3168 emunita
665 3104 726 3162 ooli
741 3103 813 3166 volo
830 3102 1075 3174 superioritatem
1092 3101 1156 3158 Ro

99 3211 194 3251 mane
218 3193 319 3264 sedi,
348 3197 374 3254 si
398 3213 522 3254 neeesse
547 3200 587 3254 sit
612 3207 644 3254 et
662 3197 852 3269 requiratur.
881 3211 1051 3268 quanquam
1070 3205 1100 3250 et
1120 3203 1156 3250 ut

101 3291 184 3360 nixi,
207 3292 277 3350 luzo
297 3307 353 3349 neo
378 3289 487 3364 Lipsiae
513 3305 573 3350 neo
597 3291 690 3348 hodie
711 3293 825 3364 possim
844 3283 1073 3358 demonstrare,
1095 3304 1154 3343 nee

102 3401 269 3454 oooaaprers
286 3393 405 3445 textum
421 3386 582 3458 Soripturae
601 3385 833 3458 opponentibus.
868 3381 935 3455 ugo
950 3383 1029 3438 enirn
1049 3383 1079 3438 in
1097 3383 1156 3444 hau
1230 3417 1234 3424 ι

83 3493 137 3540 ‘ra
167 3479 244 3538 nihii
270 3479 311 3536 ita
338 3489 464 3549 metuo,
493 3479 580 3538 nesi
608 3495 680 3536 oum
704 3481 856 3538 baretinie
883 3478 998 3534 beilum
1021 3469 1177 3542 oriatur,'

99 3574 237 3636 irrisioni
265 3587 454 3645 exponamur
477 3576 591 3632 uostris
614 3574 723 3643 giosais
746 3575 830 3643 nixi,
864 3573 940 3630 eitra
962 3573 1156 3628 autoritatem

103 3669 268 3742 scriptura
283 3667 453 3741 laqueatae.
477 3647 561 3734 ⁹·Non
578 3670 656 3728 enirn
671 3669 810 3731 diabolus
825 3667 1001 3724 nundinam
1015 3666 1156 3738 Aegypti,

101 3763 316 3833 sedgladiuro
340 3763 467 3836 Spiritus
492 3764 646 3822 formidat.
678 3761 730 3818 Et
752 3764 780 3822 iri
805 3763 864 3822 hae
885 3775 919 3820 ra
943 3759 1019 3818 mihi
1038 3760 1156 3821 iaceret

100 3873 170 3914 ram
196 3858 332 3916 οιιιιὶιιιιι
353 3859 561 3928 gratissimas
578 3867 609 3914 et
631 3874 739 3918 omnes
756 3858 809 3918 eiii
836 3867 957 3928 tenum,
984 3856 1010 3913 si
1027 3854 1156 3914 Petrum
1227 3915 1230 3932 ἡ

101 3951 186 4010 diota
212 3953 249 4010 an
272 3953 367 4012 verba
386 3954 549 4040 Soripturre
572 3953 838 4035 usrpiaaremus:
870 3953 949 4008 siout
972 3950 1001 4006 in
1025 3947 1156 4006 Actibus
1263 3965 1266 3970 ·

102 4048 253 4124 legimus,
280 4049 371 4106 etiam
404 4047 499 4108 verba
529 4047 613 4118 Pauli
650 4049 743 4107 fuisse
777 4057 923 4124 aooepta.
954 4053 988 4104 ut
1023 4043 1157 4114 legentes
