2686 4558
536 285 540 294 ,
596 245 687 310 1520.
751 253 758 274 ·
1107 240 1232 321 1!th

201 398 607 453 amantissimorum
637 399 738 452 oruata
758 397 798 452 aa
822 398 921 452 ιιιιαι
939 395 1011 448 xxa.
1027 379 1082 448 'ros
1179 462 1181 471 Ι

142 557 208 652 Suo
228 557 363 634 Georqio
379 556 564 630 Spoletina,
591 559 671 615 Viro
687 556 764 614 hono
782 563 811 610 ct
827 555 926 624 docco,
960 556 993 612 in
1012 555 1134 616 Christo
1216 587 1238 630 ,¹

543 652 734 714 diutissimo.

100 806 259 901 Salutem.
294 843 399 902 Miror
423 844 518 902 itate
541 847 571 903 in
594 859 644 901 me
669 845 798 914 saevire,
816 853 855 904 et
876 844 940 900 aliis
960 847 997 903 de
1021 841 1070 900 mc
1092 845 1174 902 scri:

99 939 250 1011 bentibus
276 941 352 998 adeo
376 943 524 1012 credere,
554 941 594 997 mi
616 936 784 1023 Spalatine:
818 957 904 998 meus
925 953 1028 997 sermo
1051 943 1091 996 ita
1113 943 1169 998 ha.
1191 1011 1195 1020 ¹

98 1034 192 1105 buit,
216 1044 251 1092 ut
268 1051 330 1092 non
353 1036 390 1092 de
412 1036 571 1108 praesenti,
599 1038 651 1093 sed
678 1037 715 1092 de
737 1037 838 1092 lutura
862 1035 1050 1111 fortuitaque
1071 1036 1169 1110 aliqua
1236 1099 1238 1104 s

99 1129 256 1185 seditione
276 1139 426 1204 utranque
446 1141 562 1204 partem
582 1132 777 1200 informaret,
813 1131 885 1204 quid
910 1133 1038 1205 quisque
1060 1149 1169 1202 seque.

98 1233 202 1280 retur.
238 1224 318 1282 Nam
348 1237 528 1298 praesentem
556 1244 612 1298 ego
634 1225 745 1300 apertis
772 1227 876 1284 verbis
903 1229 1070 1284 declamavi
1100 1243 1168 1283 esse

99 1317 253 1389 puerilem
270 1321 418 1392 quandam
435 1324 694 1383 commotionem,
721 1339 811 1395 quam
828 1323 977 1394 jamtum
999 1324 1168 1379 extinctam

99 1413 300 1486 sedatumque
322 1415 500 1474 arbitrabar.
535 1417 631 1489 Hujus
648 1425 745 1474 'testes
766 1433 833 1474 esse
852 1427 992 1491 oportet,
1013 1401 1188 1500 quotquod

98 1522 214 1564 verum
239 1509 342 1565 dicere
363 1511 488 1569 'volente
512 1514 624 1569 nullam
646 1525 783 1587 partem,
809 1527 948 1571 neutram
972 1527 1094 1570 causam
1115 1527 1168 1580 ne.

91 1619 163 1674 ,que
180 1604 265 1674 'tetigi
284 1623 383 1678 neque
402 1607 530 1664 indicari
550 1609 599 1664 vel
618 1625 677 1667 ane
699 1607 830 1679 syllaba:
850 1593 911 1665 imo
934 1609 1017 1674 dixi,
1036 1621 1168 1662 menon

99 1714 242 1765 causam,
262 1701 315 1756 sed
331 1703 512 1770 generaliter
527 1705 737 1777 cujuscunque
750 1705 907 1760 seditionis
921 1703 1056 1774 pericula
1070 1702 1169 1758 dictu.

98 1808 182 1850 rum.
201 1795 258 1850 ¹Ta
277 1813 359 1850 nuno
379 1798 464 1866 vide,
492 1814 529 1853 an
551 1800 608 1854 sim
626 1801 788 1865 mentitus.
808 1799 895 1854 hanc*
907 1815 974 1854 rem
991 1799 1036 1870 agi
1056 1799 1168 1866 daemo,

76 1873 176 1954 ,num
195 1889 328 1946 insidiis:
346 1893 518 1964 nuuc'pquid
538 1893 666 1950 faciam?

172 1973 297 2052 Scribo,
316 1985 397 2042 sicut
415 1987 558 2057 voluisti,
575 1983 731 2044 Doltzio*
732 1989 751 2064 )
770 1997 801 2044 et
813 1987 961 2060 Principi.
998 1987 1075 2042 Satis
1091 1985 1167 2041 mihi

98 2075 262 2172 displicent
284 2083 476 2152 quorundam
496 2083 532 2138 ad
552 2091 582 2136 te
606 2083 681 2138 datae
700 2083 813 2154 literae,
841 2081 986 2156 quioquid
1005 2084 1045 2138 sit
1065 2081 1169 2152 culpa.

97 2157 180 2230 eum.
216 2173 284 2244 Ego
312 2183 451 2234 nostram
480 2187 596 2249 partem
624 2175 653 2232 iu
680 2192 739 2234 una
764 2185 798 2232 re
825 2191 888 2234 non
913 2188 1041 2251 possum
1067 2176 1167 2245 tueri,

61 2283 66 2289 ·
99 2271 184 2340 quod
208 2255 333 2341 vulgum
357 2274 604 2330 commoverint:
635 2263 702 2329 sed
714 2274 935 2350 ignoscendum
956 2279 1032 2348 puto
1052 2271 1167 2342 impru-

99 2365 225 2435 dentiae,
243 2369 412 2439 praesertim
434 2367 669 2446 agnoscentibus
689 2385 848 2436 errorem„
874 2367 943 2436 Ego
964 2367 994 2445 in
1014 2365 1099 2420 hunc
1115 2379 1167 2420 us·
1211 2375 1214 2384 '

98 2476 160 2530 que
177 2460 256 2515 diem
274 2479 339 2517 rem
359 2472 393 2516 ut
412 2463 561 2534 puerilem
583 2457 753 2534 centensi,
779 2471 1016 2530 contem-turus,
1044 2456 1101 2514 nisi
1130 2466 1165 2513 tu

97 2555 142 2611 ita
154 2541 300 2611 'tonarest
326 2559 380 2611 sed
399 2559 486 2619 vide,
509 2573 547 2612 ne
569 2573 619 2612 me
626 2559 755 2616 frustra
776 2557 897 2614 excites
913 2557 949 2610 ad
968 2551 1164 2610 scribendum

95 2650 252 2721 Principi‚
272 2655 302 2706 et
321 2651 353 2706 in
367 2651 419 2706 tali
442 2661 556 2730 causa„
578 2653 663 2713 Vale.

88 2749 96 2756 '
153 2727 322 2817 Lipsen'sis
346 2745 493 2802 Asinus
485 2765 515 2802 an
535 2723 585 2802 me
607 2763 723 2802 novum
742 2745 877 2815 rugitum
897 2741 1095 2814 blasphemiis
1116 2757 1165 2796 re.

96 2835 213 2896 fertum
237 2841 331 2897 edidit
350 2843 387 2896 de
410 2851 540 2914 utraque
562 2843 664 2912 specie
689 2839 944 2896 communionis
927 2841 956 2871 ⁴*
971 2839 1006 2906 )‚
1026 2837 1183 2892 sciturus·

93 2947 126 2990 et
150 2945 257 2992 contra
276 2937 472 2991 vernaculam
489 2951 588 2990 meam
607 2935 645 2990 de
664 2935 782 3010 Papatu
803 2933 979 2989 editionem.
1015 2932 1163 2986 Wittem.

87 3013 254 3102 l'iergensis
275 3023 427 3102 Magister
444 3029 598 3087 Eislebius
610 3027 679 3098 m)
706 3041 838 3085 uxorem
857 3027 1010 3097 (lactarit,
1031 3035 1066 3080 ut
1084 3023 1164 3078 fama

94 3137 163 3187 est:
188 3127 349 3200 Philippus
370 3127 494 3195 nescio,
526 3127 599 3198 quid
624 3126 755 3181 sumatur
776 3125 923 3180 tacturus.
967 3119 1084 3176 Vellem
1104 3117 1189 3172 110„

88 3220 169 3281 'mini
191 3223 374 3295 stipendium
398 3233 539 3288 auctum,
558 3237 596 3275 ne
615 3223 654 3277 sit
675 3236 801 3280 necesse
824 3234 895 3272 euru
918 3216 973 3270 alia
999 3213 1085 3294 sequi
1104 3227 1162 3282 pro

92 3338 129 3378 re
148 3319 297 3374 familiari.
332 3319 422 3379 Anno
441 3315 592 3384 MDXX,
612 3317 659 3371 die
678 3315 785 3370 Mariae
807 3313 1005 3388 Magdatenae.

611 3405 646 3464 F
664 3407 819 3466 Martinus
837 3401 1010 3470 Lutherus,
1028 3401 1159 3470 August.
1249 3433 1258 3456 ι

94 3561 631 3594 mm*-

148 3672 180 3721 *ι
208 3663 323 3719 silletum
341 3664 379 3712 tet
393 3661 542 3716 πιιιιῖιιιιιιι.

147 3749 190 3798 ”l
218 3747 294 3800 ιιιιι.
311 3751 335 3792 ι.
350 3744 500 3794 altrlt’t
524 3751 640 3792 ructatus
658 3741 687 3791 de
702 3739 874 3790 communione
889 3735 1037 3798 lulatraqae
1061 3735 1159 3795 specie·

95 3833 214 3884 quantum
229 3829 260 3872 ael
277 3825 363 3874 laicos.
391 3825 458 3884 lips.
475 3823 537 3873 1⁵20.
552 3821 578 3872 t,
663 3851 668 3859 ·

145 3931 204 3986 w>
234 3930 357 3989 rancore
