2686 4560
389 427 392 434 ι
425 399 429 408 ,
542 333 631 401 tran.
1053 335 1113 406 517
1162 377 1181 436 .·

59 493 210 550 Christus
227 499 403 563 peccatores
422 491 457 550 ad
476 491 539 548 hoc
554 475 713 560 vocasset,
735 507 793 548 nec
812 491 875 566 ipae
893 494 1034 562 aangmnc
1055 511 1112 554 auo

60 587 263 644 defendisset.
305 585 372 656 Ego
396 585 498 655 facio,
524 587 605 660 quod
634 585 741 644 debeo.
776 585 880 643 Gratia
904 603 968 660 quaa
990 591 1112 662 accepi,

59 680 271 743 tradoletiam
296 695 365 736 cum
386 679 522 752 periculo
551 680 636 747 vitre,
661 679 768 747 samaa,
789 688 821 734 et
845 695 966 750 rarum,
991 682 1053 738 imo
1083 691 1115 738 et

62 776 185 830 enimn.
228 773 471 862 Scripsi-domi,
501 773 559 831 ieci
588 773 618 828 in
644 772 833 842 sinceritate,
861 773 983 847 cupient
1007 791 1113 833 omnea
1190 757 1194 775 ⁵

63 865 209 937 crudire,
227 869 306 924 elcut
326 882 373 922 me
394 867 501 938 ipsum.
534 865 669 926 Mundua
689 883 756 923 sum
774 885 791 922 a
808 869 949 938 sanguine
966 869 1114 939 omaium,
1196 916 1199 926 .

59 959 98 1016 id
118 962 200 1033 quod
219 962 345 1031 gaudeo.
378 960 530 1018 Videbunt
546 973 603 1018 auo
621 970 774 1034 tempore,
792 977 882 1035 quem
896 964 1065 1038 expulerint
1083 971 1115 1018 et

62 1055 223 1125 persecuti
241 1055 310 1112 aiot.
988 1115 1001 1136 Ι

148 1145 298 1202 Libellum
317 1145 353 1202 de
375 1147 549 1217 captivitate
566 1145 717 1221 Babylon.
742 1147 928 1224 prohibitum
951 1164 1017 1209 caea
1038 1149 1115 1208 nihil
1212 1175 1215 1180 ·

65 1255 160 1298 curo.
196 1239 279 1315 Quid
303 1242 382 1298 istud
411 1243 524 1299 referet
555 1258 642 1310 mea,
668 1244 693 1300 ai
708 1229 710 1234 ’
726 1261 830 1302 omncs
859 1245 1114 1319 prohiberenturt
1173 1237 1177 1246 ’

59 1332 154 1390 Nihil
173 1333 304 1390 scribam
322 1336 352 1390 in
372 1352 442 1407 eoa,
461 1337 510 1409 qui
531 1338 561 1394 vi
581 1347 671 1407 agunt
689 1353 764 1408 noe,
782 1339 813 1396 in
831 1341 921 1398 rudes
943 1339 1011 1397 illos
1031 1355 1116 1411 aper.

60 1427 219 1496 mologoa.
256 1427 368 1485 Sufficit
385 1429 458 1486 mihi
475 1431 633 1488 veritatem
649 1431 806 1501 docuisse,
825 1434 993 1491 tetendisse
1008 1435 1115 1490 adver.
1148 1485 1151 1506 ,
1202 1471 1206 1480 .

60 1537 120 1578 sue
153 1521 310 1592 eruditos,
345 1525 395 1595 qui
423 1525 480 1580 noli
506 1542 620 1584 nocere
650 1537 770 1599 queant.
810 1527 959 1584 Libellum
984 1527 1114 1584 Thorace
1147 1539 1148 1548 ¹

61 1615 178 1672 italum
200 1615 328 1674 Rhadini
343 1611 394 1688 b)‚
419 1617 538 1676 Emaeri
559 1637 643 1690 esea,
669 1621 755 1678 stilus
784 1629 814 1677 ct
842 1623 933 1680 aaliva
958 1631 1115 1682 consonat.

61 1709 134 1766 Fiat
153 1711 290 1771 voluntat
309 1711 445 1768 Domini.
484 1712 551 1784 Ego
571 1715 616 1772 sic
634 1713 755 1772 Satanae
772 1716 849 1774 istos
867 1723 1052 1782 contemno,
1079 1723 1113 1770 ut

63 1803 126 1858 nisi
144 1813 263 1860 tenerer
279 1804 352 1874 bic„
371 1805 451 1862 ultro
471 1806 601 1862 Romam
618 1807 694 1861 irem
711 1807 741 1862 in
761 1809 936 1878 despectum
954 1809 1065 1864 Satanae
1084 1814 1114 1861 et

66 1898 204 1954 omnium
231 1899 386 1956 furiarum.
422 1899 526 1974 Quid,
555 1901 579 1956 ei
605 1899 797 1956 occiderint?
825 1897 897 1955 Non
917 1915 984 1955 aum
1006 1900 1113 1969 dignun

64 1993 229 2063 quicquam
249 1995 307 2064 pati
328 1993 357 2046 in
382 2001 443 2048 tam
462 1992 549 2048 beata
569 2008 668 2048 cauea.

118 2083 254 2142 ¹Literna
271 2103 352 2144 meaa
373 2101 567 2158 quascunque
586 2071 621 2142 ad
641 2093 671 2142 te
688 2085 771 2142 datae
786 2085 859 2142 nihil
877 2085 988 2154 refert,
1014 2087 1039 2142 ai
1059 2085 1118 2151 de.

65 2181 204 2236 ierannrr
228 2196 425 2254 quocunque:
452 2195 517 2252 quaa
543 2179 597 2236 tibi
625 2188 656 2236 et
680 2179 821 2238 omnibus
841 2179 937 2253 pelam
962 2179 1026 2235 ficri
1049 2195 1112 2234 non
1175 2163 1179 2172 ’

64 2282 191 2342 metuo,
209 2275 277 2347 quia
293 2274 349 2331 tub
365 2282 531 2348 conapectn
546 2273 605 2330 Dei
623 2273 742 2331 acrib'oa
762 2273 811 2346 qui
831 2275 856 2330 ai
873 2273 1000 2346 probet,
1019 2273 1110 2345 quid,

64 2370 90 2424 ai
116 2367 158 2424 illi
182 2367 373 2441 improbent?
398 2369 423 2424 ai
442 2367 611 2440 improbet,
634 2367 722 2441 quid,
740 2369 765 2425 ci
784 2367 824 2425 illi
844 2367 995 2442 probent?
1019 2367 1109 2442 Rogo

64 2473 115 2533 te,
132 2463 215 2523 disce
231 2463 371 2520 homines
390 2464 511 2520 fortiter
530 2457 743 2532 contemnere,
762 2461 880 2524 dicente
901 2460 1038 2519 Christo:
1058 2475 1112 2516 ctr-

62 2563 131 2612 oete
147 2553 186 2612 ab
201 2553 380 2613 hominihttr.
397 2541 592 2626 'Magnaree
607 2565 669 2627 eat,
685 2555 789 2615 Deum
805 2556 918 2612 babere
936 2556 1110 2628 propitiator

65 2661 97 2708 et
115 2653 146 2708 io
163 2667 201 2706 eo
219 2651 381 2708 confidere.
415 2649 488 2706 Vale
507 2652 535 2706 in
556 2651 701 2719 Christo,
719 2649 895 2706 charissime.
913 2647 1059 2708 Michael.
1206 2643 1209 2650 ’

135 2745 187 2818 Αάι
199 2743 371 2816 Principem
390 2743 556 2816 Georgium
575 2761 636 2800 non
655 2729 796 2800 scribam.
834 2741 916 2822 Quid
935 2742 1013 2796 enim
1031 2741 1107 2796 meio

65 2837 202 2910 epiatolie
221 2846 288 2894 ante
306 2837 535 2909 disputationem
552 2837 703 2910 Lipeicam
715 2835 791 2908 apud
807 2851 877 2889 eum
889 2835 1109 2907 promoverim,

62 2947 187 2988 mecum
205 2929 323 3002 celei).
357 2931 385 2986 Si
415 2931 520 3000 dignus
545 2939 605 2999 eat,
637 2929 736 2990 audiet
757 2928 931 2986 veritatem:
958 2929 983 2986 ai
1001 2929 1106 2997 dignus

64 3043 127 3081 non
152 3033 214 3095 eat,
243 3025 355 3096 frustra
372 3025 535 3084 laboratur.
570 3021 816 3094 wirtembergae,
837 3022 982 3090 MDXX,
1009 3021 1109 3090 vigilie

63 3123 153 3174 ttooo
170 3119 336 3192 virginum.
374 3173 380 3188 ,

772 3211 812 3272 T.
829 3210 924 3269 Mart.
940 3161 1107 3294 Lutherua.

68 3503 72 3510 '
119 3505 151 3556 tt
178 3501 241 3556 60.
255 3504 297 3556 tat
309 3503 359 3558 latre
373 3501 427 3555 and
444 3513 502 3560 aue,
529 3499 622 3554 tronea
639 3502 682 3551 lta
700 3501 769 3554 dtur
782 3501 847 3556 titt.
874 3497 1106 3554 certauerunt
1205 3491 1221 3511 ⁸

67 3583 184 3637 atttriti:
195 3585 295 3633 Thome
304 3583 408 3630 libadini
417 3583 533 3634 Toditclri
543 3583 595 3633 ord.
606 3583 703 3631 Prndic.
713 3584 743 3630 ad
751 3581 873 3630 illuatrias.
883 3578 1032 3628 etiaricties.
1041 3578 1107 3636 prin-

67 3663 134 3719 cipes
154 3672 180 3710 et
199 3663 304 3721 populor
324 3663 457 3710 Germaniae
474 3663 499 3709 in
514 3661 586 3711 Mart.
603 3663 676 3711 burla.
695 3663 800 3710 Witteb.
818 3661 869 3708 ord.
885 3660 982 3707 litemlt
1000 3659 1106 3706 tadonis

66 3741 172 3800 glorian
185 3742 335 3791 vtohrrem.
355 3741 434 3792 uelde
447 3751 474 3796 ru
489 3743 552 3791 marr
567 3741 620 3789 ttto
632 3739 735 3794 aldim.
749 3739 807 3794 titt
820 3739 866 3789 me.
881 3748 905 3786 a.
916 3738 966 3792 &t-
976 3744 998 3785 r.
1010 3739 1033 3788 t.
1042 3741 1105 3787 ‘lton

121 3826 150 3875 e>
177 3819 241 3872 od.
254 3820 296 3876 ant
310 3821 385 3877 rans,
400 3819 492 3872 treinel
507 3813 665 3874 terreretur
681 3819 746 3875 atita
765 3819 827 3868 nteit.
841 3820 868 3874 itt
881 3821 927 3868 scis
943 3817 1094 3874 nataticum.
