2686 4558
435 285 439 298 ’
536 323 629 389 1⁵20.
689 355 693 362 -

421 427 695 558 ³wnmm

393 650 395 661 ¹
480 632 541 701 N0.
569 631 685 702 CCLI.

65 797 139 870 ,tta
170 741 446 868 ditaremini
475 759 594 875 titt)
624 785 872 878 duramenta
904 792 1078 883 ditator.

103 959 130 1007 a.
147 953 298 1008 tattonttlat
316 953 355 1006 ridi
374 961 453 1010 naara
471 955 544 1004 latiare
566 954 668 1010 deditae
684 953 839 1006 &derilecti
868 955 948 1008 tartdn
966 919 1120 1016 ttrn'aittio
1161 1001 1165 1014 ,

42 1043 153 1114 (delati
176 1045 223 1116 urat
240 1044 278 1090 ter
299 1043 438 1098 maritatas
461 1041 509 1091 tela
526 1041 640 1096 intentet
656 1037 822 1097 aasentias
839 1045 979 1100 aratrrtlrae.
1007 1047 1119 1107 &tauris

42 1134 116 1187 licto
133 1134 172 1184 tta
189 1137 232 1179 ιιι
249 1131 453 1190 tarnatensem
468 1134 507 1181 ier
518 1131 612 1185 edrttt
626 1139 657 1180 aa
670 1131 712 1179 itta
724 1129 768 1182 dr.
780 1132 838 1180 illel
853 1135 875 1180 l·
886 1133 919 1184 di.
933 1138 1049 1188 attractati
1067 1141 1119 1182 irat

41 1221 106 1268 aare
125 1229 151 1275 ra
170 1219 221 1276 snit
239 1219 380 1276 attentarat.

172 1397 1005 1466 mmmmmaowmommmn

368 1513 372 1546 '
508 1545 662 1606 Jesus.

46 1675 207 1770 Salutem.
242 1713 316 1800 Non
333 1714 396 1770 hoc
415 1729 432 1768 a
449 1729 500 1770 me
519 1715 635 1784 agitor,
654 1715 696 1770 mi
715 1685 826 1783 Pater,
845 1723 880 1770 ut
898 1711 974 1771 aneis
993 1711 1115 1788 scriptis

46 1819 80 1866 et
105 1809 214 1865 libellis
234 1824 367 1880 quaeram
391 1809 495 1866 landes
520 1815 551 1864 'et
579 1807 703 1878 gbrias.
746 1807 862 1863 Omnes
891 1809 989 1864 ferme
1019 1810 1049 1862 in
1069 1823 1119 1864 me

48 1903 196 1958 damnant
214 1905 468 1970 mordacitatem,
487 1905 541 1960 sed
559 1903 634 1958 mihi
654 1902 734 1958 idem
753 1918 860 1958 sensus
880 1911 946 1972 est,
973 1903 1024 1974 qui
1044 1901 1122 1970 tibi,
1230 1947 1236 1956 .
1339 1891 1340 1898 ἵ

49 1999 175 2054 scilicet
199 1997 288 2053 deum
315 1998 398 2052 forte
424 1998 487 2053 hoc
510 1998 604 2054 modo
629 1998 767 2053 revelare
789 1997 950 2052 hominum
968 1996 1120 2066 figmenta.
1198 2017 1203 2030 =

45 2093 148 2148 Video
173 2094 252 2146 enim
276 2109 329 2162 ea,
357 2088 423 2163 due
442 2101 549 2148 nostro
573 2092 684 2147 saeculo
704 2091 805 2164 quiete
825 2089 1015 2161 tractantur,
1044 2107 1121 2148 mox

47 2189 161 2242 cadere
186 2187 216 2242 in
238 2187 448 2255 oblivionem,
477 2179 598 2244 nemine
625 2203 660 2242 ea
688 2195 825 2242 curante.
870 2187 928 2242 Sed
953 2195 984 2243 et
1012 2194 1127 2252 uterus

45 2282 201 2338 Rebeccae
223 2281 313 2338 debet
332 2291 452 2352 gestare
472 2283 630 2338 discordes
650 2290 680 2336 et
700 2297 767 2339 sese
784 2282 917 2338 invicem
938 2281 1120 2358 collidentes

46 2363 220 2468 persidos.¹
234 2377 372 2434 Praesens
392 2378 471 2432 male
486 2377 603 2448 judicat
620 2385 710 2446 aetas,
723 2376 874 2448 judicium
891 2375 1000 2432 melius
1016 2387 1120 2474 noste,¹

45 2471 148 2526 nitatis
168 2471 241 2532 erit.¹
262 2471 375 2528 Paulus
394 2471 484 2526 etiam
503 2487 576 2528 suos
596 2472 786 2527 adversarios
805 2487 886 2528 nunc
906 2487 1014 2541 canes,
1035 2488 1118 2528 nuno
1170 2502 1182 2524 a

46 2565 279 2634 concisionem,
298 2583 379 2621 nunc
398 2565 595 2638 vaniloquos,
615 2567 908 2639 pseudooperarios,
927 2566 1041 2622 Sataoae
1060 2565 1121 2620 mi.

44 2661 185 2730 nistros,
211 2673 242 2716 et
259 2662 291 2717 id
309 2677 403 2732 genus
423 2661 569 2733 appellat,
599 2671 630 2717 et
656 2662 685 2716 in
712 2661 821 2716 taciem
845 2661 952 2733 parieti
977 2657 1120 2716 dealbato
1187 2731 1191 2742 ι

46 2756 216 2812 maledicit.
253 2756 332 2832 Quis
364 2757 530 2830 prophetas
560 2773 622 2812 non
651 2757 735 2813 videt
765 2755 867 2811 invehi
895 2753 1121 2812 acerbissime?

46 2852 111 2908 Sed
135 2851 200 2922 haec
221 2854 330 2908 usitata
353 2862 444 2924 sunt,
472 2854 541 2910 ideo
565 2853 925 2908 cessaverunt'movere.
961 2849 1121 2906 Reveren.

48 2948 109 3002 dus
136 2957 220 3020 pater
242 2949 382 3021 vicarius
405 2949 472 3005 heri
499 2963 539 3004 ex
565 2945 708 3004 Erlordia
725 2943 800 3000 mibi
818 2943 961 3016 scripsit,
989 2961 1120 3018 rogans,

48 3057 90 3104 ne
104 3043 228 3103 ederem
242 3043 376 3100 libellum
394 3045 432 3100 de
451 3051 530 3100 statu
541 3041 785 3098 Christianorum
799 3039 999 3108 emendando,
1013 3039 1120 3114 nescio

49 3137 153 3200 enim,
184 3155 245 3208 quo
274 3141 397 3196 nomine
429 3139 456 3194 ei
485 3140 525 3194 sit
548 3145 723 3194 accusatus:
752 3135 910 3198 sedtarde
933 3135 1033 3203 venit,
1054 3133 1123 3204 jam

49 3231 135 3286 edito
154 3231 277 3288 libello:
307 3245 339 3288 tu
361 3234 428 3297 lac,
455 3242 490 3302 nt
513 3247 646 3305 praesens
669 3247 738 3286 eum
763 3231 894 3300 mitiges.
940 3229 1018 3306 Quis
1043 3229 1120 3298 scit,

48 3325 74 3380 si
100 3325 226 3395 spiritus
248 3343 296 3383 me
321 3330 435 3400 impetu
458 3343 515 3384 suo
534 3333 674 3394 moveat,
701 3341 773 3380 oum
795 3334 916 3381 certum
936 3325 994 3392 sit,
1019 3338 1121 3395 neque

50 3418 180 3489 glorio,
205 3437 304 3494 neque
332 3424 464 3493 pecunia)
489 3422 609 3490 studio,
638 3419 692 3476 sed
721 3435 779 3474 nec
806 3419 971 3491 voluptatis
1002 3435 1051 3474 me
1078 3419 1121 3474 ita
1225 3417 1227 3422 '

48 3506 138 3570 ferri.
177 3514 225 3570 De
244 3517 376 3574 vindicta
397 3517 471 3574 nihil
492 3518 582 3586 dico,
601 3515 755 3572 Dominus
774 3515 927 3584 ignoscat:
947 3528 1003 3568 nec
1021 3512 1084 3569 hoc
1102 3529 1121 3567 a

48 3617 101 3663 me
128 3611 242 3680 agitur,
269 3625 303 3666 ιιι
322 3613 502 3668 seditionem
520 3627 682 3684 moveam,
710 3611 763 3666 sed
782 3619 816 3665 ut
835 3609 967 3664 concilio
987 3608 1118 3678 generali

48 3702 225 3759 libertatem
249 3721 392 3762 asseram.
429 3707 501 3764 Vale
530 3710 561 3766 io
585 3709 744 3774 Domino,
772 3707 937 3762 Dominica
964 3713 1034 3777 post
1061 3704 1121 3758 As.

48 3799 214 3855 samsonis
232 3799 265 3870 *)
285 3802 383 3871 aiem,
400 3802 543 3860 Moxx.
668 3789 671 3794 “

547 3899 635 3958 Tuos
652 3899 760 3957 Frater
777 3895 934 3966 Martinus
950 3895 1118 3954 Latherus.

101 4099 135 4148 ⁸)
163 4095 198 4146 St·
215 4097 309 4190 Maria.
