<?xml version="1.0" encoding="UTF-8"?>
<!DOCTYPE html PUBLIC "-//W3C//DTD XHTML 1.0 Transitional//EN"
    "http://www.w3.org/TR/xhtml1/DTD/xhtml1-transitional.dtd">
<html xmlns="http://www.w3.org/1999/xhtml" xml:lang="en" lang="en">
 <head>
  <title>
</title>
<meta http-equiv="Content-Type" content="text/html;charset=utf-8" />
  <meta name='ocr-system' content='tesseract 3.04.00' />
  <meta name='ocr-capabilities' content='ocr_page ocr_carea ocr_par ocr_line ocrx_word'/>
</head>
<body>
  <div class='ocr_page' id='page_1' title='image "./briefesendschre07luthgoog/briefesendschre07luthgoog_0067.png"; bbox 0 0 2766 4550; ppageno 0'>
   <div class='ocr_carea' id='block_1_1' title="bbox 910 143 1019 187">
    <p class='ocr_par' dir='ltr' id='par_1_1' title="bbox 910 143 1019 187">
     <span class='ocr_line' id='line_1_1' title="bbox 910 143 1019 187; baseline 0 -31"><span class='ocrx_word' id='word_1_1' title='bbox 910 143 1019 187; x_wconf 37' lang='lat' dir='ltr'>.,x</span> 
     </span>
    </p>
   </div>
   <div class='ocr_carea' id='block_1_2' title="bbox 38 248 914 351">
    <p class='ocr_par' dir='ltr' id='par_1_2' title="bbox 38 248 914 351">
     <span class='ocr_line' id='line_1_2' title="bbox 38 248 914 351; baseline -0.006 -27"><span class='ocrx_word' id='word_1_2' title='bbox 38 314 44 324; x_wconf 92' lang='lat'>.</span> <span class='ocrx_word' id='word_1_3' title='bbox 231 257 273 322; x_wconf 76' lang='lat' dir='ltr'>er</span> <span class='ocrx_word' id='word_1_4' title='bbox 425 266 429 275; x_wconf 55' lang='lat'><em>¹</em></span> <span class='ocrx_word' id='word_1_5' title='bbox 619 248 914 351; x_wconf 31' lang='grc' dir='ltr'>Μιιιι.»</span> 
     </span>
    </p>
   </div>
   <div class='ocr_carea' id='block_1_3' title="bbox 211 409 1286 608">
    <p class='ocr_par' dir='ltr' id='par_1_3' title="bbox 211 409 1286 584">
     <span class='ocr_line' id='line_1_3' title="bbox 211 409 1286 498; baseline 0 -24"><span class='ocrx_word' id='word_1_6' title='bbox 211 411 381 498; x_wconf 82' lang='lat' dir='ltr'>Michaeli</span> <span class='ocrx_word' id='word_1_7' title='bbox 398 411 525 470; x_wconf 82' lang='lat' dir='ltr'>Dreeael</span> <span class='ocrx_word' id='word_1_8' title='bbox 548 411 708 486; x_wconf 80' lang='lat' dir='ltr'>precipio,</span> <span class='ocrx_word' id='word_1_9' title='bbox 725 419 761 469; x_wconf 87' lang='lat' dir='ltr'>ut</span> <span class='ocrx_word' id='word_1_10' title='bbox 780 409 912 472; x_wconf 83' lang='lat' dir='ltr'>officium</span> <span class='ocrx_word' id='word_1_11' title='bbox 929 417 961 470; x_wconf 84' lang='lat' dir='ltr'>et</span> <span class='ocrx_word' id='word_1_12' title='bbox 975 412 1106 486; x_wconf 74' lang='lat' dir='ltr'>tigillum</span> <span class='ocrx_word' id='word_1_13' title='bbox 1129 418 1286 490; x_wconf 68' lang='lat' dir='ltr'>reaigneat</span> 
     </span>
     <span class='ocr_line' id='line_1_4' title="bbox 231 505 1286 608; baseline 0.001 -41"><span class='ocrx_word' id='word_1_14' title='bbox 231 527 292 584; x_wconf 85' lang='lat' dir='ltr'>qua</span> <span class='ocrx_word' id='word_1_15' title='bbox 307 511 399 570; x_wconf 85' lang='lat' dir='ltr'>etiam</span> <span class='ocrx_word' id='word_1_16' title='bbox 412 507 573 565; x_wconf 84' lang='lat' dir='ltr'>autoritate</span> <span class='ocrx_word' id='word_1_17' title='bbox 587 517 619 563; x_wconf 91' lang='lat' dir='ltr'>te</span> <span class='ocrx_word' id='word_1_18' title='bbox 633 505 671 562; x_wconf 88' lang='lat' dir='ltr'>ab</span> <span class='ocrx_word' id='word_1_19' title='bbox 688 507 793 564; x_wconf 82' lang='lat' dir='ltr'>officio.</span> <span class='ocrx_word' id='word_1_20' title='bbox 800 509 971 608; x_wconf 75' lang='lat' dir='ltr'><strong>prioratus</strong></span> <span class='ocrx_word' id='word_1_21' title='bbox 967 507 1121 568; x_wconf 83' lang='lat' dir='ltr'>tbeolro&#39;</span> <span class='ocrx_word' id='word_1_22' title='bbox 1114 527 1144 568; x_wconf 88' lang='grc' dir='ltr'>ιιι</span> <span class='ocrx_word' id='word_1_23' title='bbox 1161 513 1286 570; x_wconf 79' lang='lat' dir='ltr'>bomine</span> 
     </span>
    </p>
   </div>
   <div class='ocr_carea' id='block_1_4' title="bbox 94 567 1286 676">
    <p class='ocr_par' dir='ltr' id='par_1_4' title="bbox 94 567 1286 676">
     <span class='ocr_line' id='line_1_5' title="bbox 94 567 1286 676; baseline 0.005 -18"><span class='ocrx_word' id='word_1_24' title='bbox 94 634 96 643; x_wconf 51' lang='grc' dir='ltr'>ι</span> <span class='ocrx_word' id='word_1_25' title='bbox 217 603 333 669; x_wconf 83' lang='grc' dir='ltr'>,Ριιιίι</span> <span class='ocrx_word' id='word_1_26' title='bbox 353 613 383 660; x_wconf 85' lang='grc' dir='ltr'>ιι</span> <span class='ocrx_word' id='word_1_27' title='bbox 397 603 462 660; x_wconf 82' lang='lat' dir='ltr'>Filii</span> <span class='ocrx_word' id='word_1_28' title='bbox 477 611 507 658; x_wconf 85' lang='lat' dir='ltr'>et</span> <span class='ocrx_word' id='word_1_29' title='bbox 523 602 650 676; x_wconf 85' lang='lat' dir='ltr'>Spiritne</span> <span class='ocrx_word' id='word_1_30' title='bbox 671 602 786 672; x_wconf 84' lang='lat' dir='ltr'>aanoti,</span> <span class='ocrx_word' id='word_1_31' title='bbox 804 603 914 658; x_wconf 79' lang='lat' dir='ltr'>Amen.</span> <span class='ocrx_word' id='word_1_32' title='bbox 932 567 973 659; x_wconf 86' lang='lat' dir='ltr'>Et</span> <span class='ocrx_word' id='word_1_33' title='bbox 986 620 1041 676; x_wconf 89' lang='lat' dir='ltr'>per</span> <span class='ocrx_word' id='word_1_34' title='bbox 1059 605 1162 662; x_wconf 82' lang='lat' dir='ltr'>literta</span> <span class='ocrx_word' id='word_1_35' title='bbox 1180 605 1262 664; x_wconf 83' lang='lat' dir='ltr'>hae</span> <span class='ocrx_word' id='word_1_36' title='bbox 1253 625 1286 663; x_wconf 90' lang='lat' dir='ltr'>m</span> 
     </span>
    </p>
   </div>
   <div class='ocr_carea' id='block_1_5' title="bbox 217 687 1284 1148">
    <p class='ocr_par' dir='ltr' id='par_1_5' title="bbox 230 687 1259 774">
     <span class='ocr_line' id='line_1_6' title="bbox 230 687 1259 774; baseline 0.002 -18"><span class='ocrx_word' id='word_1_37' title='bbox 230 699 388 758; x_wconf 79' lang='lat' dir='ltr'>absentem</span> <span class='ocrx_word' id='word_1_38' title='bbox 406 695 514 754; x_wconf 80' lang='lat' dir='ltr'>abrene</span> <span class='ocrx_word' id='word_1_39' title='bbox 533 695 605 753; x_wconf 79' lang='lat' dir='ltr'>volo</span> <span class='ocrx_word' id='word_1_40' title='bbox 622 696 748 766; x_wconf 79' lang='lat' dir='ltr'>fecisse,</span> <span class='ocrx_word' id='word_1_41' title='bbox 772 697 855 770; x_wconf 82' lang='lat' dir='ltr'>quod</span> <span class='ocrx_word' id='word_1_42' title='bbox 873 711 1005 771; x_wconf 74' lang='lat' dir='ltr'>praesent</span> <span class='ocrx_word' id='word_1_43' title='bbox 1019 687 1259 774; x_wconf 65' lang='lat' dir='ltr'>imprecantem.</span> 
     </span>
    </p>

    <p class='ocr_par' dir='ltr' id='par_1_6' title="bbox 217 787 1284 1148">
     <span class='ocr_line' id='line_1_7' title="bbox 217 787 1284 866; baseline -0.002 -14"><span class='ocrx_word' id='word_1_44' title='bbox 217 843 219 852; x_wconf 80' lang='grc'>,</span> <span class='ocrx_word' id='word_1_45' title='bbox 300 793 369 852; x_wconf 83' lang='grc' dir='ltr'>Νιι</span> <span class='ocrx_word' id='word_1_46' title='bbox 388 791 462 849; x_wconf 87' lang='lat' dir='ltr'>volo</span> <span class='ocrx_word' id='word_1_47' title='bbox 479 791 565 864; x_wconf 77' lang='lat' dir='ltr'>qnod</span> <span class='ocrx_word' id='word_1_48' title='bbox 586 787 773 864; x_wconf 61' lang='lat' dir='ltr'>querelem,</span> <span class='ocrx_word' id='word_1_49' title='bbox 798 792 867 864; x_wconf 79' lang='lat' dir='ltr'>quia</span> <span class='ocrx_word' id='word_1_50' title='bbox 882 801 913 848; x_wconf 89' lang='lat' dir='ltr'>te</span> <span class='ocrx_word' id='word_1_51' title='bbox 932 809 994 849; x_wconf 83' lang='lat' dir='ltr'>con</span> <span class='ocrx_word' id='word_1_52' title='bbox 1016 793 1149 852; x_wconf 84' lang='lat' dir='ltr'>auditum</span> <span class='ocrx_word' id='word_1_53' title='bbox 1162 795 1284 866; x_wconf 73' lang='lat' dir='ltr'>iudica.</span> 
     </span>
     <span class='ocr_line' id='line_1_8' title="bbox 218 886 1284 970; baseline -0.004 -20"><span class='ocrx_word' id='word_1_54' title='bbox 218 890 328 950; x_wconf 78' lang='lat' dir='ltr'>&#39;verim</span> <span class='ocrx_word' id='word_1_55' title='bbox 334 928 346 960; x_wconf 87' lang='lat'><strong>,</strong></span> <span class='ocrx_word' id='word_1_56' title='bbox 357 903 427 970; x_wconf 63' lang='lat' dir='ltr'>²nec</span> <span class='ocrx_word' id='word_1_57' title='bbox 446 886 658 944; x_wconf 76' lang='lat' dir='ltr'>excusationee</span> <span class='ocrx_word' id='word_1_58' title='bbox 676 894 743 968; x_wconf 81' lang='lat' dir='ltr'>tuan¹</span> <span class='ocrx_word' id='word_1_59' title='bbox 757 887 957 960; x_wconf 74' lang='lat' dir='ltr'>perceperim.</span> <span class='ocrx_word' id='word_1_60' title='bbox 980 887 1084 944; x_wconf 85' lang='lat' dir='ltr'>Credo</span> <span class='ocrx_word' id='word_1_61' title='bbox 1102 903 1173 946; x_wconf 86' lang='lat' dir='ltr'>eane</span> <span class='ocrx_word' id='word_1_62' title='bbox 1190 905 1284 961; x_wconf 87' lang='lat' dir='ltr'>quam</span> 
     </span>
     <span class='ocr_line' id='line_1_9' title="bbox 232 979 1281 1057; baseline 0 -15"><span class='ocrx_word' id='word_1_63' title='bbox 232 985 366 1057; x_wconf 87' lang='lat' dir='ltr'>optime,</span> <span class='ocrx_word' id='word_1_64' title='bbox 384 981 466 1055; x_wconf 83' lang='lat' dir='ltr'>quotl</span> <span class='ocrx_word' id='word_1_65' title='bbox 483 982 600 1050; x_wconf 88' lang='lat' dir='ltr'>omnia,</span> <span class='ocrx_word' id='word_1_66' title='bbox 624 993 690 1052; x_wconf 78' lang='lat' dir='ltr'>qun</span> <span class='ocrx_word' id='word_1_67' title='bbox 709 979 826 1042; x_wconf 74' lang='lat' dir='ltr'>fecisti·</span> <span class='ocrx_word' id='word_1_68' title='bbox 844 983 957 1053; x_wconf 86' lang='lat' dir='ltr'>optima</span> <span class='ocrx_word' id='word_1_69' title='bbox 968 982 1143 1040; x_wconf 81' lang='lat' dir='ltr'>&#39;intentione</span> <span class='ocrx_word' id='word_1_70' title='bbox 1162 983 1281 1042; x_wconf 76' lang='lat' dir='ltr'>iecisti:</span> 
     </span>
     <span class='ocr_line' id='line_1_10' title="bbox 221 1073 1283 1148; baseline -0.001 -12"><span class='ocrx_word' id='word_1_71' title='bbox 221 1095 289 1136; x_wconf 78' lang='lat' dir='ltr'>mec</span> <span class='ocrx_word' id='word_1_72' title='bbox 305 1079 368 1134; x_wconf 84' lang='lat' dir='ltr'>ullo</span> <span class='ocrx_word' id='word_1_73' title='bbox 394 1076 486 1132; x_wconf 79' lang='lat' dir='ltr'>morlo</span> <span class='ocrx_word' id='word_1_74' title='bbox 507 1091 631 1147; x_wconf 78' lang='lat' dir='ltr'>porcum</span> <span class='ocrx_word' id='word_1_75' title='bbox 651 1073 807 1145; x_wconf 80' lang='lat' dir='ltr'>cogitare,</span> <span class='ocrx_word' id='word_1_76' title='bbox 829 1075 912 1148; x_wconf 88' lang='lat' dir='ltr'>quotl</span> <span class='ocrx_word' id='word_1_77' title='bbox 931 1077 1067 1134; x_wconf 80' lang='lat' dir='ltr'>emdioee</span> <span class='ocrx_word' id='word_1_78' title='bbox 1085 1087 1116 1134; x_wconf 90' lang='lat' dir='ltr'>et</span> <span class='ocrx_word' id='word_1_79' title='bbox 1133 1075 1283 1136; x_wconf 79' lang='lat' dir='ltr'>melitiote</span> 
     </span>
    </p>
   </div>
   <div class='ocr_carea' id='block_1_6' title="bbox 116 1168 1283 1254">
    <p class='ocr_par' dir='ltr' id='par_1_7' title="bbox 116 1168 1283 1254">
     <span class='ocr_line' id='line_1_11' title="bbox 116 1168 1283 1254; baseline -0.001 -25"><span class='ocrx_word' id='word_1_80' title='bbox 116 1231 121 1238; x_wconf 68' lang='grc'>,</span> <span class='ocrx_word' id='word_1_81' title='bbox 229 1173 342 1246; x_wconf 84' lang='lat' dir='ltr'>aliquid</span> <span class='ocrx_word' id='word_1_82' title='bbox 355 1169 564 1238; x_wconf 80' lang='lat' dir='ltr'>lecerie,un‹le</span> <span class='ocrx_word' id='word_1_83' title='bbox 574 1168 707 1225; x_wconf 73' lang='lat' dir='ltr'>turbatio</span> <span class='ocrx_word' id='word_1_84' title='bbox 720 1169 867 1226; x_wconf 87' lang='lat' dir='ltr'>oriretur:</span> <span class='ocrx_word' id='word_1_85' title='bbox 887 1177 1004 1231; x_wconf 82' lang='lat' dir='ltr'>tantum</span> <span class='ocrx_word' id='word_1_86' title='bbox 1014 1171 1283 1254; x_wconf 62' lang='lat' dir='ltr'>fecistiquantum</span> 
     </span>
    </p>
   </div>
   <div class='ocr_carea' id='block_1_7' title="bbox 125 1258 1283 2092">
    <p class='ocr_par' dir='ltr' id='par_1_8' title="bbox 229 1258 1283 1434">
     <span class='ocr_line' id='line_1_12' title="bbox 233 1258 1283 1340; baseline 0.002 -18"><span class='ocrx_word' id='word_1_87' title='bbox 233 1267 335 1340; x_wconf 77' lang='lat' dir='ltr'>gratiae</span> <span class='ocrx_word' id='word_1_88' title='bbox 350 1263 493 1322; x_wconf 70' lang='lat' dir='ltr'>habuisti.</span> <span class='ocrx_word' id='word_1_89' title='bbox 510 1263 561 1319; x_wconf 94' lang='lat' dir='ltr'>De</span> <span class='ocrx_word' id='word_1_90' title='bbox 577 1279 639 1336; x_wconf 88' lang='lat' dir='ltr'>quo</span> <span class='ocrx_word' id='word_1_91' title='bbox 656 1279 713 1333; x_wconf 77' lang='lat' dir='ltr'>ego</span> <span class='ocrx_word' id='word_1_92' title='bbox 726 1258 780 1319; x_wconf 86' lang='lat' dir='ltr'>tibi</span> <span class='ocrx_word' id='word_1_93' title='bbox 791 1263 903 1333; x_wconf 73' lang='lat' dir='ltr'>gratiae</span> <span class='ocrx_word' id='word_1_94' title='bbox 914 1267 982 1334; x_wconf 67' lang='lat' dir='ltr'>ego,</span> <span class='ocrx_word' id='word_1_95' title='bbox 1003 1273 1034 1320; x_wconf 88' lang='lat' dir='ltr'>et</span> <span class='ocrx_word' id='word_1_96' title='bbox 1050 1280 1158 1324; x_wconf 89' lang='lat' dir='ltr'>omnee</span> <span class='ocrx_word' id='word_1_97' title='bbox 1172 1267 1283 1324; x_wconf 73' lang='lat' dir='ltr'>tranet</span> 
     </span>
     <span class='ocr_line' id='line_1_13' title="bbox 229 1355 1283 1434; baseline 0 -16"><span class='ocrx_word' id='word_1_98' title='bbox 229 1361 297 1432; x_wconf 88' lang='lat' dir='ltr'>tui,</span> <span class='ocrx_word' id='word_1_99' title='bbox 313 1359 338 1416; x_wconf 86' lang='lat' dir='ltr'>ei</span> <span class='ocrx_word' id='word_1_100' title='bbox 358 1375 418 1414; x_wconf 90' lang='grc' dir='ltr'>ιιοιι</span> <span class='ocrx_word' id='word_1_101' title='bbox 438 1358 553 1430; x_wconf 82' lang='lat' dir='ltr'>egerint</span> <span class='ocrx_word' id='word_1_102' title='bbox 569 1357 624 1434; x_wconf 81' lang='lat' dir='ltr'>tibi</span> <span class='ocrx_word' id='word_1_103' title='bbox 644 1357 773 1426; x_wconf 80' lang='lat' dir='ltr'>gratias,</span> <span class='ocrx_word' id='word_1_104' title='bbox 795 1355 871 1413; x_wconf 90' lang='lat' dir='ltr'>mibi</span> <span class='ocrx_word' id='word_1_105' title='bbox 890 1359 1088 1431; x_wconf 78' lang='lat' dir='ltr'>vehementer</span> <span class='ocrx_word' id='word_1_106' title='bbox 1110 1360 1283 1432; x_wconf 65' lang='lat' dir='ltr'>diaplicenu</span> 
     </span>
    </p>

    <p class='ocr_par' dir='ltr' id='par_1_9' title="bbox 125 1447 1282 2092">
     <span class='ocr_line' id='line_1_14' title="bbox 265 1447 1280 1533; baseline 0.002 -25"><span class='ocrx_word' id='word_1_107' title='bbox 265 1511 270 1533; x_wconf 35' lang='grc' dir='ltr'>ἱ</span> <span class='ocrx_word' id='word_1_108' title='bbox 298 1455 355 1524; x_wconf 72' lang='lat' dir='ltr'>Sed</span> <span class='ocrx_word' id='word_1_109' title='bbox 373 1455 436 1510; x_wconf 89' lang='lat' dir='ltr'>hoc</span> <span class='ocrx_word' id='word_1_110' title='bbox 451 1462 510 1521; x_wconf 82' lang='lat' dir='ltr'>est,</span> <span class='ocrx_word' id='word_1_111' title='bbox 528 1451 610 1523; x_wconf 82' lang='lat' dir='ltr'>quod</span> <span class='ocrx_word' id='word_1_112' title='bbox 625 1459 656 1506; x_wconf 90' lang='lat' dir='ltr'>te</span> <span class='ocrx_word' id='word_1_113' title='bbox 674 1447 826 1508; x_wconf 86' lang='lat' dir='ltr'>consolari</span> <span class='ocrx_word' id='word_1_114' title='bbox 846 1451 948 1521; x_wconf 86' lang='lat' dir='ltr'>debet,</span> <span class='ocrx_word' id='word_1_115' title='bbox 967 1453 1036 1526; x_wconf 86' lang='lat' dir='ltr'>quia</span> <span class='ocrx_word' id='word_1_116' title='bbox 1053 1455 1203 1510; x_wconf 73' lang='lat' dir='ltr'>nonsatis</span> <span class='ocrx_word' id='word_1_117' title='bbox 1221 1464 1280 1524; x_wconf 81' lang='lat' dir='ltr'>eat,</span> 
     </span>
     <span class='ocr_line' id='line_1_15' title="bbox 231 1544 1282 1620; baseline -0.001 -14"><span class='ocrx_word' id='word_1_118' title='bbox 231 1563 297 1611; x_wconf 72' lang='lat' dir='ltr'>erse</span> <span class='ocrx_word' id='word_1_119' title='bbox 315 1547 430 1604; x_wconf 86' lang='lat' dir='ltr'>bonnm</span> <span class='ocrx_word' id='word_1_120' title='bbox 447 1558 477 1603; x_wconf 91' lang='lat' dir='ltr'>et</span> <span class='ocrx_word' id='word_1_121' title='bbox 491 1546 574 1619; x_wconf 92' lang='lat' dir='ltr'>pium</span> <span class='ocrx_word' id='word_1_122' title='bbox 591 1544 747 1602; x_wconf 87' lang='lat' dir='ltr'>hominem</span> <span class='ocrx_word' id='word_1_123' title='bbox 761 1546 792 1601; x_wconf 88' lang='lat' dir='ltr'>in</span> <span class='ocrx_word' id='word_1_124' title='bbox 810 1561 844 1602; x_wconf 88' lang='grc' dir='ltr'>ιι</span> <span class='ocrx_word' id='word_1_125' title='bbox 859 1545 949 1620; x_wconf 79' lang='lat' dir='ltr'>ipeor¹</span> <span class='ocrx_word' id='word_1_126' title='bbox 965 1546 1018 1602; x_wconf 80' lang='lat' dir='ltr'>red</span> <span class='ocrx_word' id='word_1_127' title='bbox 1036 1547 1125 1602; x_wconf 89' lang='lat' dir='ltr'>etiam</span> <span class='ocrx_word' id='word_1_128' title='bbox 1145 1551 1282 1620; x_wconf 79' lang='lat' dir='ltr'>op&#39;ortet,</span> 
     </span>
     <span class='ocr_line' id='line_1_16' title="bbox 141 1639 1280 1716; baseline 0.002 -20"><span class='ocrx_word' id='word_1_129' title='bbox 141 1689 143 1696; x_wconf 93' lang='lat'><em>.</em></span> <span class='ocrx_word' id='word_1_130' title='bbox 231 1653 264 1701; x_wconf 86' lang='lat' dir='ltr'>ut</span> <span class='ocrx_word' id='word_1_131' title='bbox 281 1659 342 1716; x_wconf 85' lang='lat' dir='ltr'>pax</span> <span class='ocrx_word' id='word_1_132' title='bbox 359 1642 398 1700; x_wconf 82' lang='lat' dir='ltr'>tit</span> <span class='ocrx_word' id='word_1_133' title='bbox 415 1649 446 1697; x_wconf 90' lang='lat' dir='ltr'>et</span> <span class='ocrx_word' id='word_1_134' title='bbox 464 1639 629 1698; x_wconf 88' lang='lat' dir='ltr'>concordia</span> <span class='ocrx_word' id='word_1_135' title='bbox 644 1640 772 1695; x_wconf 87' lang='lat' dir='ltr'>aliorum</span> <span class='ocrx_word' id='word_1_136' title='bbox 791 1655 861 1716; x_wconf 85' lang='lat' dir='ltr'>cum</span> <span class='ocrx_word' id='word_1_137' title='bbox 880 1639 943 1701; x_wconf 74' lang='lat' dir='ltr'>illo.</span> <span class='ocrx_word' id='word_1_138' title='bbox 972 1640 1082 1714; x_wconf 76' lang='lat' dir='ltr'>Saepius</span> <span class='ocrx_word' id='word_1_139' title='bbox 1103 1641 1280 1716; x_wconf 80' lang='lat' dir='ltr'>displicent,</span> 
     </span>
     <span class='ocr_line' id='line_1_17' title="bbox 125 1724 1281 1816; baseline -0.002 -20"><span class='ocrx_word' id='word_1_140' title='bbox 125 1724 130 1736; x_wconf 69' lang='grc'><em>’</em></span> <span class='ocrx_word' id='word_1_141' title='bbox 230 1750 262 1796; x_wconf 90' lang='grc' dir='ltr'>ιι</span> <span class='ocrx_word' id='word_1_142' title='bbox 287 1737 397 1816; x_wconf 80' lang='lat' dir='ltr'>merito</span> <span class='ocrx_word' id='word_1_143' title='bbox 422 1737 601 1792; x_wconf 87' lang='lat' dir='ltr'>damnantur</span> <span class='ocrx_word' id='word_1_144' title='bbox 633 1732 746 1808; x_wconf 89' lang='lat' dir='ltr'>optima</span> <span class='ocrx_word' id='word_1_145' title='bbox 770 1751 886 1808; x_wconf 87' lang='lat' dir='ltr'>opera,</span> <span class='ocrx_word' id='word_1_146' title='bbox 916 1744 950 1791; x_wconf 88' lang='lat' dir='ltr'>ut</span> <span class='ocrx_word' id='word_1_147' title='bbox 972 1749 1032 1808; x_wconf 83' lang='lat' dir='ltr'>pax</span> <span class='ocrx_word' id='word_1_148' title='bbox 1060 1745 1281 1794; x_wconf 77' lang='lat' dir='ltr'>conservetur:</span> 
     </span>
     <span class='ocr_line' id='line_1_18' title="bbox 230 1827 1281 1906; baseline -0.005 -15"><span class='ocrx_word' id='word_1_149' title='bbox 230 1841 343 1906; x_wconf 85' lang='lat' dir='ltr'>quanto</span> <span class='ocrx_word' id='word_1_150' title='bbox 369 1830 464 1902; x_wconf 75' lang='lat' dir='ltr'>magis</span> <span class='ocrx_word' id='word_1_151' title='bbox 489 1829 538 1886; x_wconf 92' lang='lat' dir='ltr'>illa</span> <span class='ocrx_word' id='word_1_152' title='bbox 559 1844 621 1886; x_wconf 89' lang='lat' dir='ltr'>non</span> <span class='ocrx_word' id='word_1_153' title='bbox 642 1837 713 1886; x_wconf 80' lang='lat' dir='ltr'>eunt</span> <span class='ocrx_word' id='word_1_154' title='bbox 735 1829 803 1902; x_wconf 86' lang='lat' dir='ltr'>paci</span> <span class='ocrx_word' id='word_1_155' title='bbox 827 1827 1031 1901; x_wconf 69' lang='lat' dir='ltr'>proferende.</span> <span class='ocrx_word' id='word_1_156' title='bbox 1064 1845 1131 1900; x_wconf 84' lang='lat' dir='ltr'>quae</span> <span class='ocrx_word' id='word_1_157' title='bbox 1151 1831 1281 1904; x_wconf 82' lang='lat' dir='ltr'>quisque</span> 
     </span>
     <span class='ocr_line' id='line_1_19' title="bbox 229 1921 1281 1998; baseline -0.001 -15"><span class='ocrx_word' id='word_1_158' title='bbox 229 1923 309 1984; x_wconf 78' lang='lat' dir='ltr'>bona</span> <span class='ocrx_word' id='word_1_159' title='bbox 331 1926 497 1982; x_wconf 84' lang='lat' dir='ltr'>intentione</span> <span class='ocrx_word' id='word_1_160' title='bbox 519 1932 550 1980; x_wconf 88' lang='lat' dir='ltr'>et</span> <span class='ocrx_word' id='word_1_161' title='bbox 563 1925 640 1980; x_wconf 71' lang='lat' dir='ltr'>‘toto</span> <span class='ocrx_word' id='word_1_162' title='bbox 659 1921 760 1981; x_wconf 70' lang='lat' dir='ltr'>studio</span> <span class='ocrx_word' id='word_1_163' title='bbox 782 1923 928 1994; x_wconf 74' lang='lat' dir='ltr'>perfecit:</span> <span class='ocrx_word' id='word_1_164' title='bbox 952 1931 1101 1982; x_wconf 82' lang='lat' dir='ltr'>ettamen</span> <span class='ocrx_word' id='word_1_165' title='bbox 1120 1924 1156 1982; x_wconf 84' lang='lat' dir='ltr'>atl</span> <span class='ocrx_word' id='word_1_166' title='bbox 1171 1941 1281 1998; x_wconf 84' lang='lat' dir='ltr'>paoem</span> 
     </span>
     <span class='ocr_line' id='line_1_20' title="bbox 146 2007 645 2092; baseline -0.01 -14"><span class='ocrx_word' id='word_1_167' title='bbox 146 2007 151 2018; x_wconf 68' lang='grc'>’</span> <span class='ocrx_word' id='word_1_168' title='bbox 228 2021 406 2092; x_wconf 82' lang='lat' dir='ltr'>peneadem</span> <span class='ocrx_word' id='word_1_169' title='bbox 423 2034 487 2074; x_wconf 87' lang='lat' dir='ltr'>nou</span> <span class='ocrx_word' id='word_1_170' title='bbox 504 2017 645 2090; x_wconf 82' lang='lat' dir='ltr'>proiecit.</span> 
     </span>
    </p>
   </div>
   <div class='ocr_carea' id='block_1_8' title="bbox 230 2111 1282 2296">
    <p class='ocr_par' dir='ltr' id='par_1_10' title="bbox 230 2111 1282 2296">
     <span class='ocr_line' id='line_1_21' title="bbox 296 2111 1281 2200; baseline -0.002 -13"><span class='ocrx_word' id='word_1_171' title='bbox 296 2131 393 2200; x_wconf 77' lang='lat' dir='ltr'>Igitur</span> <span class='ocrx_word' id='word_1_172' title='bbox 421 2127 563 2186; x_wconf 81' lang='lat' dir='ltr'>absoluto</span> <span class='ocrx_word' id='word_1_173' title='bbox 596 2123 730 2196; x_wconf 84' lang='lat' dir='ltr'>Priore,</span> <span class='ocrx_word' id='word_1_174' title='bbox 763 2143 841 2199; x_wconf 76' lang='lat' dir='ltr'>rogo</span> <span class='ocrx_word' id='word_1_175' title='bbox 871 2144 928 2188; x_wconf 84' lang='lat' dir='ltr'>voe</span> <span class='ocrx_word' id='word_1_176' title='bbox 953 2143 1021 2200; x_wconf 72' lang='lat' dir='ltr'>per,</span> <span class='ocrx_word' id='word_1_177' title='bbox 1035 2111 1281 2186; x_wconf 70' lang='lat' dir='ltr'>misericordium</span> 
     </span>
     <span class='ocr_line' id='line_1_22' title="bbox 230 2219 1282 2296; baseline -0.005 -13"><span class='ocrx_word' id='word_1_178' title='bbox 230 2224 359 2295; x_wconf 72' lang='lat' dir='ltr'>Christi,</span> <span class='ocrx_word' id='word_1_179' title='bbox 382 2219 484 2280; x_wconf 77' lang='lat' dir='ltr'>e&#39;tatim</span> <span class='ocrx_word' id='word_1_180' title='bbox 500 2219 681 2280; x_wconf 83' lang='lat' dir='ltr'>unanimiter</span> <span class='ocrx_word' id='word_1_181' title='bbox 697 2221 844 2292; x_wconf 82' lang='lat' dir='ltr'>cogitate,</span> <span class='ocrx_word' id='word_1_182' title='bbox 861 2231 893 2280; x_wconf 88' lang='lat' dir='ltr'>et</span> <span class='ocrx_word' id='word_1_183' title='bbox 909 2224 1016 2294; x_wconf 78' lang='lat' dir='ltr'>elegite</span> <span class='ocrx_word' id='word_1_184' title='bbox 1035 2231 1098 2280; x_wconf 82' lang='lat' dir='ltr'>tres</span> <span class='ocrx_word' id='word_1_185' title='bbox 1120 2239 1176 2296; x_wconf 90' lang='lat' dir='ltr'>per</span> <span class='ocrx_word' id='word_1_186' title='bbox 1195 2223 1282 2280; x_wconf 81' lang='lat' dir='ltr'>ordi.</span> 
     </span>
    </p>
   </div>
   <div class='ocr_carea' id='block_1_9' title="bbox 227 2314 1368 2390">
    <p class='ocr_par' dir='ltr' id='par_1_11' title="bbox 227 2314 1368 2390">
     <span class='ocr_line' id='line_1_23' title="bbox 227 2314 1368 2390; baseline -0.004 -15"><span class='ocrx_word' id='word_1_187' title='bbox 227 2332 299 2376; x_wconf 81' lang='lat' dir='ltr'>nem</span> <span class='ocrx_word' id='word_1_188' title='bbox 310 2314 478 2374; x_wconf 83' lang='lat' dir='ltr'>aecundum</span> <span class='ocrx_word' id='word_1_189' title='bbox 492 2323 619 2372; x_wconf 83' lang='lat' dir='ltr'>etatute:</span> <span class='ocrx_word' id='word_1_190' title='bbox 637 2315 679 2370; x_wconf 84' lang='lat' dir='ltr'>ita</span> <span class='ocrx_word' id='word_1_191' title='bbox 695 2329 783 2385; x_wconf 78' lang='lat' dir='ltr'>eane,</span> <span class='ocrx_word' id='word_1_192' title='bbox 801 2327 912 2373; x_wconf 86' lang='lat' dir='ltr'>utnon</span> <span class='ocrx_word' id='word_1_193' title='bbox 929 2315 1030 2386; x_wconf 81' lang='lat' dir='ltr'>(cient</span> <span class='ocrx_word' id='word_1_194' title='bbox 1045 2318 1151 2390; x_wconf 81' lang='lat' dir='ltr'>erepiur</span> <span class='ocrx_word' id='word_1_195' title='bbox 1168 2333 1280 2390; x_wconf 77' lang='lat' dir='ltr'>cuper.</span> <span class='ocrx_word' id='word_1_196' title='bbox 1367 2337 1368 2365; x_wconf 76' lang='grc' dir='ltr'>ι</span> 
     </span>
    </p>
   </div>
   <div class='ocr_carea' id='block_1_10' title="bbox 149 2409 1365 2968">
    <p class='ocr_par' dir='ltr' id='par_1_12' title="bbox 149 2409 1365 2862">
     <span class='ocr_line' id='line_1_24' title="bbox 149 2409 1279 2482; baseline -0.004 -12"><span class='ocrx_word' id='word_1_197' title='bbox 149 2425 152 2430; x_wconf 87' lang='grc'><strong><em>·</em></strong></span> <span class='ocrx_word' id='word_1_198' title='bbox 227 2421 279 2470; x_wconf 88' lang='lat' dir='ltr'>tue</span> <span class='ocrx_word' id='word_1_199' title='bbox 297 2427 365 2467; x_wconf 83' lang='lat' dir='ltr'>eum</span> <span class='ocrx_word' id='word_1_200' title='bbox 385 2409 504 2466; x_wconf 80' lang='lat' dir='ltr'>inutiiee</span> <span class='ocrx_word' id='word_1_201' title='bbox 522 2409 687 2466; x_wconf 71' lang='lat' dir='ltr'>electiones</span> <span class='ocrx_word' id='word_1_202' title='bbox 707 2417 738 2465; x_wconf 87' lang='lat' dir='ltr'>et</span> <span class='ocrx_word' id='word_1_203' title='bbox 754 2426 867 2466; x_wconf 82' lang='lat' dir='ltr'>vocum</span> <span class='ocrx_word' id='word_1_204' title='bbox 884 2409 1121 2477; x_wconf 71' lang='lat' dir='ltr'>frustrationes)</span> <span class='ocrx_word' id='word_1_205' title='bbox 1147 2410 1279 2482; x_wconf 78' lang='lat' dir='ltr'>aliquem</span> 
     </span>
     <span class='ocr_line' id='line_1_25' title="bbox 177 2501 1275 2576; baseline -0.002 -14"><span class='ocrx_word' id='word_1_206' title='bbox 177 2513 189 2545; x_wconf 67' lang='lat'>³</span> <span class='ocrx_word' id='word_1_207' title='bbox 228 2505 344 2576; x_wconf 75' lang='lat' dir='ltr'>eligatia</span> <span class='ocrx_word' id='word_1_208' title='bbox 364 2519 491 2572; x_wconf 86' lang='lat' dir='ltr'>eornm,</span> <span class='ocrx_word' id='word_1_209' title='bbox 517 2517 574 2558; x_wconf 88' lang='lat' dir='ltr'>nec</span> <span class='ocrx_word' id='word_1_210' title='bbox 592 2501 673 2560; x_wconf 83' lang='lat' dir='ltr'>ullue</span> <span class='ocrx_word' id='word_1_211' title='bbox 694 2513 832 2560; x_wconf 75' lang='lat' dir='ltr'>teatrum</span> <span class='ocrx_word' id='word_1_212' title='bbox 852 2517 965 2560; x_wconf 84' lang='lat' dir='ltr'>vocem</span> <span class='ocrx_word' id='word_1_213' title='bbox 987 2519 1072 2560; x_wconf 82' lang='lat' dir='ltr'>tuam</span> <span class='ocrx_word' id='word_1_214' title='bbox 1094 2505 1146 2560; x_wconf 88' lang='lat' dir='ltr'>det</span> <span class='ocrx_word' id='word_1_215' title='bbox 1168 2505 1275 2574; x_wconf 80' lang='lat' dir='ltr'>alicui,</span> 
     </span>
     <span class='ocr_line' id='line_1_26' title="bbox 228 2589 1365 2672; baseline 0 -16"><span class='ocrx_word' id='word_1_216' title='bbox 228 2602 281 2672; x_wconf 83' lang='lat' dir='ltr'>qui</span> <span class='ocrx_word' id='word_1_217' title='bbox 300 2616 361 2656; x_wconf 89' lang='lat' dir='ltr'>non</span> <span class='ocrx_word' id='word_1_218' title='bbox 385 2607 487 2671; x_wconf 83' lang='lat' dir='ltr'>poteet</span> <span class='ocrx_word' id='word_1_219' title='bbox 503 2597 629 2667; x_wconf 82' lang='lat' dir='ltr'>heberi,</span> <span class='ocrx_word' id='word_1_220' title='bbox 654 2605 689 2652; x_wconf 87' lang='lat' dir='ltr'>ut</span> <span class='ocrx_word' id='word_1_221' title='bbox 708 2605 794 2669; x_wconf 87' lang='lat' dir='ltr'>puta,</span> <span class='ocrx_word' id='word_1_222' title='bbox 818 2598 869 2668; x_wconf 89' lang='lat' dir='ltr'>qui</span> <span class='ocrx_word' id='word_1_223' title='bbox 882 2597 947 2668; x_wconf 85' lang='lat' dir='ltr'>jam</span> <span class='ocrx_word' id='word_1_224' title='bbox 966 2598 996 2654; x_wconf 87' lang='lat' dir='ltr'>in</span> <span class='ocrx_word' id='word_1_225' title='bbox 1015 2596 1115 2655; x_wconf 88' lang='lat' dir='ltr'>officio</span> <span class='ocrx_word' id='word_1_226' title='bbox 1134 2607 1201 2668; x_wconf 87' lang='grc' dir='ltr'>ιιι,</span> <span class='ocrx_word' id='word_1_227' title='bbox 1228 2589 1279 2656; x_wconf 76' lang='lat' dir='ltr'>vei</span> <span class='ocrx_word' id='word_1_228' title='bbox 1364 2623 1365 2643; x_wconf 64' lang='grc' dir='ltr'>ι</span> 
     </span>
     <span class='ocr_line' id='line_1_27' title="bbox 227 2691 1278 2767; baseline 0.001 -17"><span class='ocrx_word' id='word_1_229' title='bbox 227 2695 300 2751; x_wconf 83' lang='lat' dir='ltr'>uliae</span> <span class='ocrx_word' id='word_1_230' title='bbox 314 2709 377 2751; x_wconf 88' lang='lat' dir='ltr'>non</span> <span class='ocrx_word' id='word_1_231' title='bbox 390 2692 500 2750; x_wconf 80' lang='lat' dir='ltr'>heberi</span> <span class='ocrx_word' id='word_1_232' title='bbox 518 2701 630 2764; x_wconf 81' lang='lat' dir='ltr'>puteat.</span> <span class='ocrx_word' id='word_1_233' title='bbox 661 2691 709 2746; x_wconf 81' lang='lat' dir='ltr'>Sic</span> <span class='ocrx_word' id='word_1_234' title='bbox 728 2692 807 2747; x_wconf 88' lang='lat' dir='ltr'>enim</span> <span class='ocrx_word' id='word_1_235' title='bbox 825 2692 979 2762; x_wconf 78' lang='lat' dir='ltr'>eligendo,</span> <span class='ocrx_word' id='word_1_236' title='bbox 998 2693 1134 2764; x_wconf 84' lang='lat' dir='ltr'>perditur</span> <span class='ocrx_word' id='word_1_237' title='bbox 1156 2703 1278 2767; x_wconf 84' lang='lat' dir='ltr'>temput</span> 
     </span>
     <span class='ocr_line' id='line_1_28' title="bbox 218 2785 1278 2862; baseline -0.004 -14"><span class='ocrx_word' id='word_1_238' title='bbox 218 2799 258 2848; x_wconf 75' lang='lat' dir='ltr'>et</span> <span class='ocrx_word' id='word_1_239' title='bbox 277 2789 381 2860; x_wconf 87' lang='lat' dir='ltr'>lebor,</span> <span class='ocrx_word' id='word_1_240' title='bbox 407 2797 438 2846; x_wconf 89' lang='lat' dir='ltr'>et</span> <span class='ocrx_word' id='word_1_241' title='bbox 458 2795 586 2862; x_wconf 82' lang='lat' dir='ltr'>pereunt</span> <span class='ocrx_word' id='word_1_242' title='bbox 606 2785 720 2844; x_wconf 76' lang='lat' dir='ltr'>frustra</span> <span class='ocrx_word' id='word_1_243' title='bbox 732 2801 846 2850; x_wconf 76' lang='lat' dir='ltr'>¹noceo.</span> <span class='ocrx_word' id='word_1_244' title='bbox 876 2785 980 2860; x_wconf 84' lang='lat' dir='ltr'>Quare</span> <span class='ocrx_word' id='word_1_245' title='bbox 1004 2795 1073 2844; x_wconf 88' lang='lat' dir='ltr'>ante</span> <span class='ocrx_word' id='word_1_246' title='bbox 1094 2787 1278 2846; x_wconf 76' lang='lat' dir='ltr'>electionem</span> 
     </span>
    </p>

    <p class='ocr_par' dir='ltr' id='par_1_13' title="bbox 205 2882 1362 2968">
     <span class='ocr_line' id='line_1_29' title="bbox 205 2882 1362 2968; baseline 0.001 -33"><span class='ocrx_word' id='word_1_247' title='bbox 205 2884 301 2940; x_wconf 69' lang='lat' dir='ltr'>tmihi</span> <span class='ocrx_word' id='word_1_248' title='bbox 326 2885 477 2957; x_wconf 82' lang='lat' dir='ltr'>placeret,</span> <span class='ocrx_word' id='word_1_249' title='bbox 510 2891 545 2940; x_wconf 84' lang='lat' dir='ltr'>ut</span> <span class='ocrx_word' id='word_1_250' title='bbox 570 2882 667 2956; x_wconf 89' lang='lat' dir='ltr'>palam</span> <span class='ocrx_word' id='word_1_251' title='bbox 696 2891 944 2968; x_wconf 70' lang='lat' dir='ltr'>enumerarentur</span> <span class='ocrx_word' id='word_1_252' title='bbox 971 2897 1097 2952; x_wconf 61' lang='lat' dir='ltr'>omnen</span> <span class='ocrx_word' id='word_1_253' title='bbox 1132 2884 1184 2956; x_wconf 90' lang='lat' dir='ltr'>qui</span> <span class='ocrx_word' id='word_1_254' title='bbox 1213 2899 1277 2940; x_wconf 88' lang='lat' dir='ltr'>non</span> <span class='ocrx_word' id='word_1_255' title='bbox 1361 2917 1362 2921; x_wconf 54' lang='lat'><em>=</em></span> 
     </span>
    </p>
   </div>
   <div class='ocr_carea' id='block_1_11' title="bbox 225 2977 1361 3050">
    <p class='ocr_par' dir='ltr' id='par_1_14' title="bbox 225 2977 1361 3050">
     <span class='ocr_line' id='line_1_30' title="bbox 225 2977 1361 3050; baseline -0.001 -14"><span class='ocrx_word' id='word_1_256' title='bbox 225 2987 352 3050; x_wconf 82' lang='lat' dir='ltr'>potaent</span> <span class='ocrx_word' id='word_1_257' title='bbox 369 2977 458 3036; x_wconf 82' lang='lat' dir='ltr'>vobio</span> <span class='ocrx_word' id='word_1_258' title='bbox 477 2978 558 3046; x_wconf 85' lang='lat' dir='ltr'>dari,</span> <span class='ocrx_word' id='word_1_259' title='bbox 577 2987 611 3034; x_wconf 90' lang='lat' dir='ltr'>ut</span> <span class='ocrx_word' id='word_1_260' title='bbox 625 2977 718 3036; x_wconf 83' lang='lat' dir='ltr'>eoiret</span> <span class='ocrx_word' id='word_1_261' title='bbox 734 2977 881 3050; x_wconf 81' lang='lat' dir='ltr'>quiaque,</span> <span class='ocrx_word' id='word_1_262' title='bbox 898 2977 947 3034; x_wconf 74' lang='lat' dir='ltr'>ciii</span> <span class='ocrx_word' id='word_1_263' title='bbox 966 2993 1028 3034; x_wconf 89' lang='lat' dir='ltr'>nun</span> <span class='ocrx_word' id='word_1_264' title='bbox 1048 2977 1134 3034; x_wconf 83' lang='lat' dir='ltr'>daret</span> <span class='ocrx_word' id='word_1_265' title='bbox 1153 2991 1276 3035; x_wconf 79' lang='lat' dir='ltr'>vocem.</span> <span class='ocrx_word' id='word_1_266' title='bbox 1360 2987 1361 3015; x_wconf 65' lang='lat' dir='ltr'>l</span> 
     </span>
    </p>
   </div>
   <div class='ocr_carea' id='block_1_12' title="bbox 136 3058 1360 3424">
    <p class='ocr_par' dir='ltr' id='par_1_15' title="bbox 209 3058 1360 3240">
     <span class='ocr_line' id='line_1_31' title="bbox 217 3058 1360 3146; baseline -0.003 -16"><span class='ocrx_word' id='word_1_267' title='bbox 217 3058 356 3132; x_wconf 59' lang='lat' dir='ltr'>&#39;Neces&#39;t</span> <span class='ocrx_word' id='word_1_268' title='bbox 374 3067 549 3146; x_wconf 76' lang='lat' dir='ltr'>peccarim,</span> <span class='ocrx_word' id='word_1_269' title='bbox 567 3071 592 3130; x_wconf 83' lang='lat' dir='ltr'>ei</span> <span class='ocrx_word' id='word_1_270' title='bbox 609 3071 725 3144; x_wconf 76' lang='lat' dir='ltr'>aliquot</span> <span class='ocrx_word' id='word_1_271' title='bbox 747 3072 947 3141; x_wconf 80' lang='lat' dir='ltr'>enumeretie,</span> <span class='ocrx_word' id='word_1_272' title='bbox 971 3071 1022 3144; x_wconf 88' lang='lat' dir='ltr'>qui</span> <span class='ocrx_word' id='word_1_273' title='bbox 1039 3078 1167 3142; x_wconf 79' lang='lat' dir='ltr'>pectunt</span> <span class='ocrx_word' id='word_1_274' title='bbox 1186 3069 1278 3128; x_wconf 74' lang='lat' dir='ltr'>vobit</span> <span class='ocrx_word' id='word_1_275' title='bbox 1358 3083 1360 3146; x_wconf 55' lang='lat' dir='ltr'><em>fi</em></span> 
     </span>
     <span class='ocr_line' id='line_1_32' title="bbox 209 3149 1047 3240; baseline -0.002 -16"><span class='ocrx_word' id='word_1_276' title='bbox 209 3157 306 3237; x_wconf 76' lang='lat' dir='ltr'>¹llari,</span> <span class='ocrx_word' id='word_1_277' title='bbox 323 3178 450 3240; x_wconf 89' lang='lat' dir='ltr'>propter</span> <span class='ocrx_word' id='word_1_278' title='bbox 468 3183 538 3236; x_wconf 87' lang='grc' dir='ltr'>ιοι,</span> <span class='ocrx_word' id='word_1_279' title='bbox 557 3167 609 3239; x_wconf 87' lang='lat' dir='ltr'>qui</span> <span class='ocrx_word' id='word_1_280' title='bbox 626 3165 765 3238; x_wconf 74' lang='lat' dir='ltr'>ignorant</span> <span class='ocrx_word' id='word_1_281' title='bbox 781 3165 865 3224; x_wconf 79' lang='lat' dir='ltr'>sorte</span> <span class='ocrx_word' id='word_1_282' title='bbox 882 3149 1047 3236; x_wconf 74' lang='lat' dir='ltr'>eligendos.</span> 
     </span>
    </p>

    <p class='ocr_par' dir='ltr' id='par_1_16' title="bbox 136 3251 1301 3336">
     <span class='ocr_line' id='line_1_33' title="bbox 136 3251 1301 3336; baseline -0.003 -17"><span class='ocrx_word' id='word_1_283' title='bbox 136 3253 139 3258; x_wconf 70' lang='grc'>’</span> <span class='ocrx_word' id='word_1_284' title='bbox 208 3294 213 3302; x_wconf 85' lang='lat'><em>·</em></span> <span class='ocrx_word' id='word_1_285' title='bbox 293 3259 530 3336; x_wconf 78' lang='lat' dir='ltr'>Quemcumque</span> <span class='ocrx_word' id='word_1_286' title='bbox 548 3273 647 3318; x_wconf 86' lang='lat' dir='ltr'>autem</span> <span class='ocrx_word' id='word_1_287' title='bbox 666 3259 836 3330; x_wconf 76' lang='lat' dir='ltr'>elegeritis,</span> <span class='ocrx_word' id='word_1_288' title='bbox 854 3251 899 3329; x_wconf 68' lang='lat' dir='ltr'>ei,⁴</span> <span class='ocrx_word' id='word_1_289' title='bbox 923 3259 1028 3333; x_wconf 87' lang='lat' dir='ltr'>optimi</span> <span class='ocrx_word' id='word_1_290' title='bbox 1046 3259 1187 3329; x_wconf 75' lang='lat' dir='ltr'>Fratres,</span> <span class='ocrx_word' id='word_1_291' title='bbox 1210 3257 1278 3316; x_wconf 81' lang='lat' dir='ltr'>hoc</span> <span class='ocrx_word' id='word_1_292' title='bbox 1299 3299 1301 3304; x_wconf 70' lang='lat'><em>,</em></span> 
     </span>
    </p>

    <p class='ocr_par' dir='ltr' id='par_1_17' title="bbox 225 3353 1280 3424">
     <span class='ocr_line' id='line_1_34' title="bbox 225 3353 1280 3424; baseline -0.006 -12"><span class='ocrx_word' id='word_1_293' title='bbox 225 3358 307 3414; x_wconf 86' lang='lat' dir='ltr'>omni</span> <span class='ocrx_word' id='word_1_294' title='bbox 323 3358 425 3414; x_wconf 76' lang='lat' dir='ltr'>studio</span> <span class='ocrx_word' id='word_1_295' title='bbox 442 3355 551 3424; x_wconf 80' lang='lat' dir='ltr'>facite,</span> <span class='ocrx_word' id='word_1_296' title='bbox 575 3365 688 3412; x_wconf 86' lang='lat' dir='ltr'>utnon</span> <span class='ocrx_word' id='word_1_297' title='bbox 707 3355 817 3412; x_wconf 80' lang='lat' dir='ltr'>ventrio</span> <span class='ocrx_word' id='word_1_298' title='bbox 833 3353 967 3422; x_wconf 74' lang='lat' dir='ltr'>viribus,</span> <span class='ocrx_word' id='word_1_299' title='bbox 991 3353 1044 3409; x_wconf 81' lang='lat' dir='ltr'>ced</span> <span class='ocrx_word' id='word_1_300' title='bbox 1060 3353 1185 3410; x_wconf 72' lang='lat' dir='ltr'>accidui·</span> <span class='ocrx_word' id='word_1_301' title='bbox 1204 3367 1280 3408; x_wconf 88' lang='lat' dir='ltr'>ora.</span> 
     </span>
    </p>
   </div>
   <div class='ocr_carea' id='block_1_13' title="bbox 118 3444 1277 3524">
    <p class='ocr_par' dir='ltr' id='par_1_18' title="bbox 118 3444 1277 3524">
     <span class='ocr_line' id='line_1_35' title="bbox 118 3444 1277 3524; baseline -0.003 -18"><span class='ocrx_word' id='word_1_302' title='bbox 118 3497 129 3506; x_wconf 94' lang='lat'>.</span> <span class='ocrx_word' id='word_1_303' title='bbox 223 3451 358 3510; x_wconf 75' lang='lat' dir='ltr'>tionibus</span> <span class='ocrx_word' id='word_1_304' title='bbox 380 3451 506 3524; x_wconf 81' lang='lat' dir='ltr'>petatio.</span> <span class='ocrx_word' id='word_1_305' title='bbox 529 3450 613 3505; x_wconf 76' lang='lat' dir='ltr'>&#39;sicut</span> <span class='ocrx_word' id='word_1_306' title='bbox 633 3449 715 3517; x_wconf 84' lang='lat' dir='ltr'>dixi,</span> <span class='ocrx_word' id='word_1_307' title='bbox 739 3458 774 3506; x_wconf 85' lang='lat' dir='ltr'>ut</span> <span class='ocrx_word' id='word_1_308' title='bbox 788 3449 941 3506; x_wconf 71' lang='lat' dir='ltr'>Domum</span> <span class='ocrx_word' id='word_1_309' title='bbox 960 3463 1018 3503; x_wconf 79' lang='lat' dir='ltr'>voa</span> <span class='ocrx_word' id='word_1_310' title='bbox 1040 3448 1113 3504; x_wconf 88' lang='lat' dir='ltr'>velit</span> <span class='ocrx_word' id='word_1_311' title='bbox 1130 3444 1277 3514; x_wconf 72' lang='lat' dir='ltr'>dirigere.</span> 
     </span>
    </p>
   </div>
   <div class='ocr_carea' id='block_1_14' title="bbox 221 3539 1306 4088">
    <p class='ocr_par' dir='ltr' id='par_1_19' title="bbox 221 3539 1306 3994">
     <span class='ocr_line' id='line_1_36' title="bbox 222 3539 1280 3618; baseline -0.009 -15"><span class='ocrx_word' id='word_1_312' title='bbox 222 3545 310 3603; x_wconf 81' lang='lat' dir='ltr'>Dicit</span> <span class='ocrx_word' id='word_1_313' title='bbox 320 3547 400 3602; x_wconf 88' lang='lat' dir='ltr'>enim</span> <span class='ocrx_word' id='word_1_314' title='bbox 412 3545 565 3618; x_wconf 83' lang='lat' dir='ltr'>Scriptura</span> <span class='ocrx_word' id='word_1_315' title='bbox 582 3544 613 3598; x_wconf 90' lang='lat' dir='ltr'>in</span> <span class='ocrx_word' id='word_1_316' title='bbox 628 3542 778 3599; x_wconf 80' lang='lat' dir='ltr'>Jeremia:</span> <span class='ocrx_word' id='word_1_317' title='bbox 799 3543 879 3612; x_wconf 77' lang='lat' dir='ltr'>Soio,</span> <span class='ocrx_word' id='word_1_318' title='bbox 898 3539 1040 3605; x_wconf 75' lang='lat' dir='ltr'>Domine,</span> <span class='ocrx_word' id='word_1_319' title='bbox 1057 3541 1130 3615; x_wconf 82' lang='lat' dir='ltr'>quio</span> <span class='ocrx_word' id='word_1_320' title='bbox 1147 3555 1210 3598; x_wconf 82' lang='lat' dir='ltr'>non</span> <span class='ocrx_word' id='word_1_321' title='bbox 1231 3545 1280 3596; x_wconf 80' lang='grc' dir='ltr'>ιιι</span> 
     </span>
     <span class='ocr_line' id='line_1_37' title="bbox 221 3633 1277 3714; baseline -0.004 -18"><span class='ocrx_word' id='word_1_322' title='bbox 221 3638 356 3696; x_wconf 69' lang='lat' dir='ltr'>hominus</span> <span class='ocrx_word' id='word_1_323' title='bbox 372 3639 423 3696; x_wconf 82' lang='lat' dir='ltr'>viu</span> <span class='ocrx_word' id='word_1_324' title='bbox 442 3641 525 3709; x_wconf 69' lang='lat' dir='ltr'>eius,</span> <span class='ocrx_word' id='word_1_325' title='bbox 544 3655 599 3692; x_wconf 86' lang='lat' dir='ltr'>nec</span> <span class='ocrx_word' id='word_1_326' title='bbox 614 3653 739 3714; x_wconf 70' lang='lat' dir='ltr'>pressus</span> <span class='ocrx_word' id='word_1_327' title='bbox 757 3635 834 3699; x_wconf 81' lang='lat' dir='ltr'>viri,</span> <span class='ocrx_word' id='word_1_328' title='bbox 852 3639 887 3692; x_wconf 76' lang='lat' dir='ltr'>ut</span> <span class='ocrx_word' id='word_1_329' title='bbox 902 3633 1035 3692; x_wconf 74' lang='lat' dir='ltr'>mbulet</span> <span class='ocrx_word' id='word_1_330' title='bbox 1052 3636 1086 3690; x_wconf 84' lang='lat' dir='ltr'>in</span> <span class='ocrx_word' id='word_1_331' title='bbox 1103 3635 1158 3692; x_wconf 79' lang='lat' dir='ltr'>eir.</span> <span class='ocrx_word' id='word_1_332' title='bbox 1191 3633 1277 3692; x_wconf 76' lang='lat' dir='ltr'>Con-</span> 
     </span>
     <span class='ocr_line' id='line_1_38' title="bbox 221 3729 1277 3806; baseline -0.007 -16"><span class='ocrx_word' id='word_1_333' title='bbox 221 3743 321 3790; x_wconf 81' lang='grc' dir='ltr'>ιιιιοι</span> <span class='ocrx_word' id='word_1_334' title='bbox 341 3736 423 3792; x_wconf 86' lang='lat' dir='ltr'>enirn</span> <span class='ocrx_word' id='word_1_335' title='bbox 446 3751 502 3792; x_wconf 77' lang='lat' dir='ltr'>voe</span> <span class='ocrx_word' id='word_1_336' title='bbox 525 3751 599 3792; x_wconf 86' lang='lat' dir='ltr'>ecce</span> <span class='ocrx_word' id='word_1_337' title='bbox 620 3750 675 3806; x_wconf 83' lang='lat' dir='ltr'>per</span> <span class='ocrx_word' id='word_1_338' title='bbox 696 3743 874 3805; x_wconf 73' lang='lat' dir='ltr'>praesenter,</span> <span class='ocrx_word' id='word_1_339' title='bbox 905 3738 937 3784; x_wconf 87' lang='lat' dir='ltr'>et</span> <span class='ocrx_word' id='word_1_340' title='bbox 955 3729 1109 3802; x_wconf 78' lang='lat' dir='ltr'>paetico,</span> <span class='ocrx_word' id='word_1_341' title='bbox 1137 3729 1194 3786; x_wconf 85' lang='lat' dir='ltr'>nial</span> <span class='ocrx_word' id='word_1_342' title='bbox 1218 3745 1277 3802; x_wconf 90' lang='lat' dir='ltr'>per</span> 
     </span>
     <span class='ocr_line' id='line_1_39' title="bbox 223 3821 1306 3902; baseline -0.008 -19"><span class='ocrx_word' id='word_1_343' title='bbox 223 3845 362 3900; x_wconf 84' lang='lat' dir='ltr'>preceaa</span> <span class='ocrx_word' id='word_1_344' title='bbox 382 3829 455 3886; x_wconf 88' lang='lat' dir='ltr'>Deo</span> <span class='ocrx_word' id='word_1_345' title='bbox 469 3829 661 3886; x_wconf 73' lang='lat' dir='ltr'>obtinueritis</span> <span class='ocrx_word' id='word_1_346' title='bbox 679 3825 813 3896; x_wconf 78' lang='lat' dir='ltr'>regimen</span> <span class='ocrx_word' id='word_1_347' title='bbox 831 3825 943 3880; x_wconf 69' lang='lat' dir='ltr'>vestri:</span> <span class='ocrx_word' id='word_1_348' title='bbox 966 3821 1200 3902; x_wconf 74' lang='lat' dir='ltr'>nonhabebitis</span> <span class='ocrx_word' id='word_1_349' title='bbox 1221 3839 1276 3894; x_wconf 81' lang='lat' dir='ltr'>pe.</span> <span class='ocrx_word' id='word_1_350' title='bbox 1302 3833 1306 3836; x_wconf 87' lang='lat'>·</span> 
     </span>
     <span class='ocr_line' id='line_1_40' title="bbox 224 3917 1275 3994; baseline -0.005 -17"><span class='ocrx_word' id='word_1_351' title='bbox 224 3935 345 3978; x_wconf 74' lang='lat' dir='ltr'>cernet</span> <span class='ocrx_word' id='word_1_352' title='bbox 372 3939 553 3994; x_wconf 82' lang='lat' dir='ltr'>prosperum</span> <span class='ocrx_word' id='word_1_353' title='bbox 576 3935 775 3987; x_wconf 84' lang='lat' dir='ltr'>auoceaaum,</span> <span class='ocrx_word' id='word_1_354' title='bbox 805 3919 894 3978; x_wconf 84' lang='lat' dir='ltr'>otiam</span> <span class='ocrx_word' id='word_1_355' title='bbox 916 3917 945 3982; x_wconf 72' lang='lat' dir='ltr'>,ei</span> <span class='ocrx_word' id='word_1_356' title='bbox 967 3928 1089 3974; x_wconf 80' lang='lat' dir='ltr'>sanctur</span> <span class='ocrx_word' id='word_1_357' title='bbox 1113 3917 1275 3974; x_wconf 68' lang='lat' dir='ltr'>lohannes</span> 
     </span>
    </p>

    <p class='ocr_par' dir='ltr' id='par_1_20' title="bbox 221 4011 1301 4088">
     <span class='ocr_line' id='line_1_41' title="bbox 221 4011 1301 4088; baseline -0.006 -16"><span class='ocrx_word' id='word_1_358' title='bbox 221 4015 359 4088; x_wconf 76' lang='lat' dir='ltr'>Baptista</span> <span class='ocrx_word' id='word_1_359' title='bbox 375 4015 466 4072; x_wconf 87' lang='lat' dir='ltr'>Prior</span> <span class='ocrx_word' id='word_1_360' title='bbox 485 4025 586 4072; x_wconf 83' lang='lat' dir='ltr'>vetter</span> <span class='ocrx_word' id='word_1_361' title='bbox 604 4023 700 4072; x_wconf 76' lang='lat' dir='ltr'>estet:</span> <span class='ocrx_word' id='word_1_362' title='bbox 718 4022 819 4076; x_wconf 85' lang='lat' dir='ltr'>totum</span> <span class='ocrx_word' id='word_1_363' title='bbox 834 4022 882 4070; x_wconf 84' lang='lat' dir='ltr'>eat</span> <span class='ocrx_word' id='word_1_364' title='bbox 900 4013 930 4068; x_wconf 91' lang='lat' dir='ltr'>in</span> <span class='ocrx_word' id='word_1_365' title='bbox 945 4027 1036 4068; x_wconf 86' lang='lat' dir='ltr'>manu</span> <span class='ocrx_word' id='word_1_366' title='bbox 1051 4011 1201 4082; x_wconf 85' lang='lat' dir='ltr'>Domini,</span> <span class='ocrx_word' id='word_1_367' title='bbox 1222 4011 1275 4082; x_wconf 83' lang='lat' dir='ltr'>qui</span> <span class='ocrx_word' id='word_1_368' title='bbox 1295 4023 1301 4036; x_wconf 93' lang='lat'><strong>·</strong></span> 
     </span>
    </p>
   </div>
   <div class='ocr_carea' id='block_1_15' title="bbox 0 0 1388 4550">
    <p class='ocr_par' dir='ltr' id='par_1_21' title="bbox 0 0 1388 4550">
     <span class='ocr_line' id='line_1_42' title="bbox 0 0 1388 4550; baseline 0 1"><span class='ocrx_word' id='word_1_369' title='bbox 0 0 1388 4550; x_wconf 95' lang='lat' dir='ltr'> </span> 
     </span>
    </p>
   </div>
  </div>
 </body>
</html>
