2714 4556
569 281 657 383 tst's.
742 359 748 366 -
835 393 842 404 ,
1100 324 1140 390 ss

78 466 292 552 Thontistloe
314 475 509 548 eruditionis,
535 477 673 552 definiret
690 447 785 544 milri,
809 475 949 548 quidnam
977 488 1058 536 esset
1082 481 1138 538 im.

76 568 167 640 plere
183 572 327 628 mandata
337 571 414 628 Deis
440 572 523 640 scio,
541 573 684 644 inquam,
703 571 817 625 nullum
841 587 908 628 esse
925 573 1137 640 Themistum,

76 663 129 733 qni
158 663 193 720 id
211 665 301 722 sciat.
343 665 402 721 llic
419 664 514 724 hotuo
539 681 581 721 ex
605 667 719 738 trivio,
737 665 836 728 adhuc
860 683 981 724 memor
1000 670 1137 726 ruditatis

75 743 163 827 suas}
185 759 386 816 exclamavit:
405 759 442 815 da
463 769 582 831 pastum
597 759 669 830 ¹(sic
687 761 767 816 enirn
784 771 913 818 vocetur
930 765 1061 834 pretium
1077 766 1138 822 ludi

73 854 343 924 magistrorum:
362 853 433 927 quid
452 856 533 912 enim
549 853 627 912 aliud
644 856 863 927 responderet,
877 859 1023 928 qni-atiud
1041 861 1139 916 nesci.

74 951 150 1002 ret?
170 947 245 1006 Hoc
262 947 377 1006 insttlso
395 963 545 1020 responso
570 949 601 1004 in
621 950 716 1008 risum
733 949 847 1019 'solnm
876 952 1000 1021 digressi
1022 967 1148 1010 eumue·

75 1039 200 1098 Postea
225 1044 306 1103 mihi
325 1043 417 1100 Ptine
435 1043 622 1100 Dresdensis
645 1045 782 1117 scripsit,
807 1061 897 1117 quarn
912 1047 1138 1118 jactitaverint,

78 1143 115 1190 et
132 1137 171 1190 ἐι
199 1135 355 1208 Principis
377 1137 443 1192 aula
465 1153 589 1210 qunque
612 1154 661 1197 tue
685 1139 880 1208 ioedaverint,
906 1149 940 1194 ut
964 1139 1142 1209 indoctum,

77 1229 254 1301 superbum
270 1247 307 1286 ao
326 1231 431 1288 nescio
446 1241 523 1304 quot
542 1231 732 1300 nominibus,
756 1233 830 1290 item
848 1233 932 1304 qnod
948 1227 1140 1302 sermoneus,

79 1339 180 1399 quem
201 1325 233 1402 in
255 1331 361 1381 castro
384 1326 534 1394 feceram,
557 1327 587 1382 in
607 1341 730 1381 omnem
749 1325 879 1400 (praeter
898 1327 1079 1396 veritatem)
1098 1330 1142 1386 sa.

80 1419 169 1474 eiern
184 1426 354 1474 verterant.
396 1419 592 1476 Adduxerum
609 1419 769 1480 historiam
787 1422 825 1477 de
842 1421 940 1478 tribus
961 1422 1140 1493 quibusdem

78 1511 256 1584 virginibus
275 1503 588 1582 theologicissimsut:
603 1513 659 1570 has
680 1525 744 1570 tres
758 1523 865 1586 postea
884 1517 913 1571 in
935 1516 1001 1572 ania
1022 1515 1140 1573 Prieni.

82 1605 140 1677 'pie
162 1622 179 1659 a
198 1622 246 1662 me
263 1614 384 1662 notatus
401 1606 579 1675 garrierunt.
620 1607 780 1676 Breviter,
799 1608 948 1678 genimina
967 1619 1141 1682 serpentum

86 1709 235 1772 expertus
254 1715 338 1765 sum,
363 1701 417 1771 qni
441 1710 472 1756 et
496 1701 596 1756 omnin
614 1701 726 1758 vellent
742 1713 774 1760 et
786 1701 859 1758 nihii
880 1713 1025 1775 possent,
1041 1705 1142 1774 gloria
1209 1777 1212 1782 Ι
1268 1689 1272 1698 ’

86 1809 153 1850 suas
174 1794 346 1850 detrectem
371 1801 528 1866 parantes,
550 1793 666 1866 siquid
692 1781 731 1854 ih*
751 1811 801 1852 ane
823 1796 1069 1870 irreprehensum
1096 1815 1145 1856 re.

85 1888 271 1960 linquerent.
304 1887 374 1958 Ego
393 1888 466 1944 ictae
485 1887 582 1944 larvas
601 1898 801 1950 contemnens
819 1892 981 1963 rescripsi,
998 1889 1145 1963 nequies.
1228 1951 1232 1962 ,

87 1989 193 2050 neret,
219 1981 336 2038 sineret
363 1991 394 2039 et
414 1980 489 2036 mili
511 1997 613 2044 meum
633 1983 706 2044 Ceio
728 1993 760 2040 et
783 1983 899 2046 ,ludam
922 1985 1037 2043 vivere.
1085 1983 1144 2041 Sed
1158 1985 1204 2056 ¹.'

85 2075 294 2144 Hieronymus
306 2072 416 2131 Emser
430 2087 495 2131 tum
511 2075 600 2132 enixe
617 2091 684 2134 sese
703 2077 876 2133 excusavit:
895 2079 975 2133 idem
992 2088 1022 2133 et
1034 2077 1143 2149 Lipsiae
1237 2125 1241 2133 ,
1319 2067 1325 2086 ’

88 2169 259 2226 novissime
281 2183 330 2224 me
350 2169 495 2226 abcedens
522 2169 655 2239 iuravit,
676 2169 774 2226 nullae
798 2169 919 2228 insidias
942 2183 1009 2228 sese
1036 2179 1143 2228 contra
1180 2159 1191 2176 ⁸

90 2279 143 2318 me
164 2261 386 2321 machinatum:
414 2279 489 2334 ego.
518 2262 599 2320 sicut
613 2273 648 2320 'et
661 2263 772 2333 hodie,
797 2265 998 2323 contemsisse
1012 2281 1062 2322 me
1076 2266 1141 2322 dixi
1238 2306 1241 2312 ·
1292 2265 1294 2270 '

93 2369 160 2420 tam
180 2356 266 2414 nihili
280 2358 404 2416 furora.
429 2357 459 2414 Si
479 2368 550 2430 sunt
569 2358 653 2416 docti
675 2359 768 2424 adeo,
788 2361 860 2414 sunt
879 2359 941 2428 typi
958 2367 990 2416 et
1012 2358 1149 2418 chartres.

94 2453 188 2511 edunt
206 2451 315 2525 aliquid
334 2460 363 2510 et
386 2453 547 2511 cstemlant
568 2453 695 2522 gloriam
717 2451 942 2522 magnificentiae
965 2454 1144 2510 eruditionis

89 2565 164 2606 suae.
199 2547 306 2604 Sermo
327 2547 449 2606 eratne
466 2547 497 2602 S.
516 2545 636 2602 daonbc
653 2547 783 2617 maiore,
803 2547 888 2618 cujus
905 2556 1060 2604 tunderet
1080 2547 1144 2604 dies

88 2645 188 2700 seems
204 2658 298 2714 super
320 2641 499 2712 evangelic=
516 2641 638 2698 nescim
657 2640 734 2713 qnid
745 2641 869 2710 petatis,
887 2641 940 2698 nbi
963 2642 1054 2699 stultc
1072 2650 1145 2700 vota
1230 2689 1233 2695 .

88 2737 250 2794 hominum
282 2735 356 2792 Deo
380 2733 613 2812 supplicantium
645 2736 771 2807 taxavi,
807 2743 839 2791 et
870 2736 941 2808 quid
971 2735 1150 2792 Christiano

90 2831 260 2902 petendum
274 2839 356 2888 esset
371 2830 476 2890 docui.
1005 2869 1010 2878 .

159 2924 316 2998 Episcopo
334 2923 485 2980 Miscensi
503 2924 576 2996 qtn'd
589 2925 744 2987 acciderit,
763 2919 836 2980 satis
859 2917 979 2990 miror,
997 2921 1054 2978 uisi
1074 2921 1147 2976 illud
1187 2935 1192 2946 ·
1260 2970 1266 2984 ,

90 3019 302 3080 Ecclesiastici
316 3034 426 3080 rernm
443 3019 555 3090 patitur
577 3017 608 3078 in
630 3033 665 3074 se
688 3019 773 3088 ipso:
790 3015 921 3075 honores
942 3021 1063 3080 tautam
1081 3030 1147 3070 mo.

91 3131 161 3182 res,
185 3124 218 3170 et
242 3115 336 3180 vulgo
362 3115 529 3186 adjectum:
556 3113 710 3171 seda-nro
738 3111 771 3166 ἰιι
799 3109 950 3166 meliores.
992 3109 1064 3174 Nec
1086 3107 1146 3164 vidi

94 3223 226 3280 uuquam
249 3208 495 3272 centumuiri
522 3208 605 3280 quod
624 3211 710 3262 untes
733 3203 856 3260 vicario
878 3213 985 3260 nostro
1005 3201 1149 3266 amicissi-

92 3317 176 3358 mum
206 3301 297 3360 inisse
324 3302 400 3358 scio.
444 3303 502 3358 Sed
526 3317 588 3358 non
614 3283 753 3368 mireris,
784 3299 825 3352 sni
849 3281 1023 3370 spalatine,'
1043 3298 1079 3354 de
1098 3303 1152 3352 me*

93 3396 261 3456 maledici.
295 3396 372 3452 liaeo
386 3403 475 3465 suat,
492 3409 557 3468 qnae
575 3394 707 3463 gaudens
728 3392 834 3450 andin:
852 3393 909 3449 nisi
932 3389 1147 3458 maledicerer,

93 3505 156 3546 non
173 3489 333 3552 crederent
351 3505 392 3552 ex,
409 3489 482 3548 Deo
503 3505 589 3560 esse,
608 3504 674 3560 quae
695 3497 804 3545 tracto.
825 3487 965 3544 Christus
985 3486 1147 3556 insignum

93 3583 345 3644 contradictionis
371 3595 502 3657 ponatur
529 3592 673 3656 oportet,
694 3593 731 3640 st
757 3583 787 3640 in
815 3581 931 3638 ruinnna
959 3579 1146 3650 multorum,

94 3691 159 3732 non
177 3677 326 3746 gentium,
346 3679 398 3734 sed
421 3677 516 3736 Israel
537 3687 568 3744 ei
586 3679 756 3742 electorum
767 3714 777 3744 ,
797 3667 1047 3747 egregicmm'que
1065 3673 1148 3728 viro.

94 3767 391 3838 rum‚ntPsu1mns
410 3771 552 3830 LXXVII
571 3773 660 3830 dicit:
691 3769 736 3825 Et
755 3767 862 3825 occidd
877 3768 1007 3842 pingues
1026 3766 1077 3836 (id
1100 3775 1147 3838 est

94 3873 251 3936 magnates
276 3874 308 3921 et
335 3860 517 3939 optimates)
537 3879 653 3932 eorum,
675 3870 703 3918 et
729 3857 835 3919 electos
858 3859 962 3920 Israel
982 3859 1145 3932 impedivit.

94 3959 168 4020 liaeo
196 3961 319 4033 inquam
340 3970 411 4020 sunt
440 3977 533 4036 opera
557 3961 640 4030 Dei,
666 3957 808 4016 cocidere
834 3967 865 4017 et
888 3957 1054 4032 impedire,
1082 3968 1145 4014 non
