2714 4556
224 293 268 361 es
540 364 545 380 ‚
706 263 795 354 tut.

154 465 165 476 ’
225 451 277 508 sed
287 423 497 522 adpericnlpm
512 451 595 532 tuqm
612 443 766 504 cedentibi
780 459 847 498 mea
859 440 996 511 amicitia,
1015 443 1040 498 si
1054 443 1146 500 modo
1160 456 1282 498 verum
1346 407 1347 456 l

203 579 206 598 .
227 553 274 602 est
289 541 500 615 proverbium:
524 537 705 594 Amicorum
724 537 828 610 omnin
844 537 1028 592 communio.
1062 536 1180 611 Quodsi
1198 552 1284 607 ‚mes
1346 599 1347 606 ἵ

186 677 203 694 .-
226 647 276 696 toa
292 653 347 709 per
363 620 521 688 aulicitiam
536 632 621 686 istam
641 630 727 698 fiant,
745 632 825 686 nulla
840 647 872 684 re
889 632 1069 701 locupletior
1089 630 1157 694 lies,
1178 645 1283 702 quam
1346 607 1347 646 ³

226 727 374 806 peccatis,
398 725 564 798 insipientia
580 725 691 796 pariter
711 734 741 778 et
758 724 927 794 ignominia.
963 725 1014 779 Hae
1029 724 1109 779 enim
1130 721 1202 781 sunt
1220 739 1283 778 res
1346 717 1347 722 ’

226 843 316 892 aneae,
343 821 466 893 quasin
488 835 535 874 me
553 817 709 874 contrariis
730 819 894 886 titulis(ut
918 819 1002 885 dixi)
1033 819 1157 876 ornasti.
1196 819 1283 887 Sed,
1346 829 1347 844 ¹

226 917 307 984 scio,
330 913 486 970 Christum
502 912 596 982 sapis,
615 919 645 965 ει
663 898 839 983 dicespnon
857 921 904 975 te,
924 913 977 966 sed
999 911 1154 968 Christum
1175 911 1282 980 inte,

204 1025 206 1030 ·
224 1009 366 1066 admiror.
385 1007 441 1062 llic
456 1023 528 1076 ego:
548 1005 702 1078 quomodo
717 1004 855 1062 Christus
863 1005 978 1084 justitia
993 1021 1064 1060 vera
1079 1005 1283 1084 esselpoterit

224 1087 396 1174 inpeccatis
414 1109 444 1156 ct
458 1101 642 1170 insipientia?
660 1099 727 1154 lino
742 1102 769 1156 id
786 1101 883 1172 ipsum
900 1107 946 1155 est
958 1115 1111 1156 summum
1131 1099 1166 1166 1ι)
1185 1116 1283 1154 arro.
1317 1171 1320 1182 Ι

224 1197 349 1268 gantiae..
369 1210 549 1269 presumere
566 1193 667 1262 dete,
686 1195 764 1264 quod
779 1181 891 1249 Christi
909 1192 1115 1248 habitaculum
1133 1193 1196 1260 sis,
1214 1209 1280 1248 nec
1346 1203 1347 1248 1

124 1353 127 1364 ¹
222 1291 279 1348 nisi
303 1290 471 1362 apostolico
490 1288 586 1344 ordini
602 1288 688 1342 facile
705 1287 902 1358 permittenda
920 1286 976 1341 ista
989 1287 1140 1356 gloriatio.
1174 1285 1281 1354 Igitur
1346 1287 1347 1292 ’

223 1381 498 1455 pratulor‘qlrldem
513 1381 646 1437 felicitati
667 1389 736 1448 tuae,
755 1381 834 1453 quod
854 1380 944 1450 hujus
960 1381 1029 1448 viri,
1049 1383 1142 1460 petris
1159 1379 1278 1448 nostri,

118 1465 124 1488 ’
222 1477 358 1532 amicitias
379 1485 410 1532 et
429 1477 618 1533 familiaritati
639 1475 787 1545 jungeris:
808 1474 864 1534 sed
881 1490 972 1546 parce
987 1467 1099 1528 honori
1122 1481 1194 1540 tuo,
1220 1483 1276 1535 et,
1346 1493 1347 1498 ¹

220 1582 258 1624 ne
276 1571 310 1624 in
325 1570 384 1626 mei
404 1571 562 1626 amicitiam
582 1571 755 1638 degeneres,
773 1585 865 1637 rogo;
885 1581 1053 1640 quanquam
1067 1565 1130 1637 ipse
1145 1581 1277 1638 qnoque
1346 1619 1347 1626 χ

221 1663 302 1718 idem
321 1665 503 1720 reverendus
520 1663 611 1719 Pater
630 1651 691 1718 iton
710 1663 774 1717 sine
793 1661 953 1716 timore0ct
977 1661 1114 1730 periculo
1133 1675 1276 1722 meome

220 1759 352 1830 undique
365 1759 459 1829 jactat
474 1767 505 1836 et
523 1757 613 1814 dicit:
647 1755 799 1811 Christum
820 1754 852 1810 ira
872 1761 901 1807 te
919 1752 1067 1824 praedico,
1100 1759 1128 1806 et
1147 1751 1278 1810 credere

221 1869 323 1927 copor.
360 1853 416 1908 Sed
431 1853 512 1907 'dura
539 1852 594 1907 ista
624 1850 708 1905 fides.
743 1849 787 1905 Ea
810 1849 960 1904 enimest
991 1847 1151 1905 infelicitas
1176 1849 1276 1918 hujus
1346 1887 1347 1904 .

220 1947 395 2000 miserrimae
414 1947 497 2014 vlup,
524 1953 558 1998 ut
578 1944 746 1998 laudatores
766 1953 797 1999 et
817 1942 924 2008 amici,
950 1959 1011 2014 quo
1034 1941 1145 1998 fuerim
1164 1942 1276 2014 plures
1346 1953 1347 2014 j

221 2017 251 2096 et
268 2021 512 2126 coqjuuctiores,
530 2055 567 2094 eo
589 2039 648 2094 sint
665 2037 874 2094 nocentiores:
893 2037 937 2093 sic
955 2037 1101 2109 scriptum
1120 2043 1181 2090 est:
1207 2033 1277 2090 ini.

220 2134 292 2188 mici
311 2131 458 2201 hominis,
476 2133 630 2189 domestici
648 2134 731 2204 ejus,
750 2141 780 2188 et
801 2147 920 2187 rursus:
940 2129 992 2204 qud
1010 2145 1058 2184 me
1079 2125 1273 2191 uumtont,

220 2214 378 2281 uniuersum
395 2225 628 2296 mejurabaut,
656 2239 703 2280 et:
730 2226 824 2280 amici
845 2223 912 2285 met,
926 2231 955 2276 et
971 2222 1111 2296 proxunr'
1128 2221 1189 2276 mci
1210 2221 1274 2276 act.
1346 2259 1347 2292 q

218 2335 338 2373 cersrrm
360 2335 409 2372 me
434 2319 736 2401 appropinquarunt,
766 2323 974 2374 asteterunt.
1019 2317 1153 2372 Tantum
1184 2317 1273 2371 eninr

219 2411 443 2469 receditiavor
457 2409 535 2478 Dei,
562 2417 705 2482 qnantum
725 2411 841 2466 accedit
863 2412 951 2467 favor
971 2409 1140 2468 hominnm.
1175 2409 1270 2466 Deus
1346 2399 1347 2466 ]

219 2506 363 2562 estimant
384 2505 466 2560 solus
488 2512 538 2560 aot
559 2505 657 2560 nullus
676 2503 740 2559 vuit
759 2519 825 2560 esse
844 2505 968 2560 amicus.
986 2505 1065 2560 Huic
1080 2504 1157 2558 uuio
1171 2504 1271 2559 etiam

220 2599 358 2655 cumulus
379 2599 436 2654 iste
455 2597 590 2665 accedit,
616 2599 713 2669 quod,
740 2598 765 2652 si
784 2607 814 2651 te
839 2593 1005 2668 dejeceris,
1028 2598 1205 2668 laudemque
1235 2603 1271 2652 et
1346 2629 1347 2652 t

220 2692 355 2748 favorem
383 2692 548 2761 recusans,
573 2709 609 2746 eo
631 2691 723 2759 magis
742 2691 805 2747 laus
827 2693 963 2748 etfavor
984 2691 1120 2760 (idest,
1144 2691 1271 2762 pericu.

218 2786 280 2840 lum
308 2795 337 2840 et
361 2783 509 2856 perditio)
537 2786 715 2856 insequitur.
753 2785 781 2840 0
808 2787 904 2842 multo
935 2785 1083 2842 salubrius
1109 2787 1211 2841 odium
1235 2795 1270 2842 et
1346 2803 1347 2842 1

217 2880 398 2950 vituperium
419 2881 556 2934 omnium
580 2879 665 2934 laude
690 2887 719 2934 et
744 2895 863 2935 amore:
892 2880 1136 2954 quandoquidem
1154 2879 1269 2936 odiunt
1346 2891 1347 2906 ¹

216 2974 309 3032 semel
335 2973 500 3042 periculum
525 2980 589 3042 est,
620 2989 705 3028 amor
726 2959 798 3029 vero
824 2973 871 3028 bis
895 2974 1063 3044 periculum
1085 2982 1142 3034 est.
1177 2973 1270 3030 Nihil
1346 2985 1347 3012 t

217 3069 342 3124 similius
365 3067 490 3134 amanti,
519 3067 580 3122 imo
604 3069 711 3122 amenti
738 3068 874 3138 mulieri,
902 3085 967 3140 quae
988 3075 1093 3136 negata
1118 3067 1270 3124 furiosius
1346 3071 1347 3116 i

215 3258 314 3327 itaque
337 3255 462 3313 muliere
490 3255 623 3311 adultera
642 3265 672 3310 et
697 3273 804 3327 prava,
832 3258 921 3324 vide,
953 3269 1064 3330 quanto
1091 3259 1191 3314 studio
1211 3276 1268 3314 me
1301 3301 1304 3306 .
1346 3279 1347 3326 l

111 3203 114 3207 -
217 3161 422 3234 concupiscit,
452 3176 541 3232 quam
569 3161 632 3216 laus
654 3169 684 3214 et
708 3161 802 3230 gloria
824 3163 880 3218 ista
903 3163 1087 3234 temporalis.
1124 3162 1174 3216 Ab
1203 3161 1270 3216 hac
1346 3163 1347 3214 Ξ

216 3349 366 3430 deterreat
388 3348 543 3417 Salomon,
574 3347 812 3406 Proverb.V11.
839 3361 869 3406 et
891 3353 977 3419 alibi,
1007 3369 1099 3424 quam
1118 3353 1267 3428 alienam,
1346 3327 1347 3366 l

130 3435 132 3441 ’
216 3453 406 3526 extraneam,
425 3451 455 3522 ιι
474 3441 699 3498 adolescentum
712 3443 926 3500 'seductricem
948 3445 1103 3504 describit.

282 3536 353 3617 Non
367 3538 443 3590 haec
462 3536 577 3602 scribo,
594 3536 635 3589 mi
652 3537 764 3604 optime
780 3539 1011 3612 christophore.
1031 3542 1114 3612 quod
1127 3542 1266 3600 animum

214 3637 298 3687 tuum
322 3631 470 3700 integrum
491 3639 521 3685 et
546 3629 727 3686 benevolum
750 3642 944 3688 contemnere
963 3634 1072 3703 velim3
1102 3635 1158 3702 sed
1177 3637 1269 3706 quod

214 3739 284 3804 mep
302 3737 421 3804 quoque
444 3726 543 3779 animo
560 3724 726 3802 timendum
745 3727 794 3781 sit.
830 3727 879 3781 Tu
900 3725 1030 3782 officium
1049 3728 1090 3800 pii
1110 3737 1141 3784 et
1161 3728 1267 3786 chris.

215 3816 284 3870 tiani
302 3815 438 3896 hominis¹
450 3825 589 3885 praestas,
609 3819 659 3887 qui
673 3817 794 3874 nullum·
805 3820 928 3875 ornniuo
945 3830 1141 3877 contemnere
1156 3822 1266 3894 debet,

265 4013 295 4062 b)
323 4011 385 4060 &du
408 3975 512 4092 summa.
