2760 4556
501 121 506 130 ¹
571 160 585 204 s

573 325 659 390 1518.
695 323 698 334 ¹
1009 426 1011 435 ⁴
1084 331 1144 396 tas
1163 339 1168 352 '

19 509 21 542 t
80 485 218 558 simam,
245 489 327 538 tanta
345 482 440 552 gratia
458 481 592 538 omnium
610 489 642 538 et
659 481 879 552 admiratione,
906 491 939 538 ιιι
951 484 1015 554 jam
1034 500 1095 540 non
1114 486 1144 544 id

92 579 148 635 tibi
171 578 366 657 cogitandum
392 577 451 645 sit,
475 565 535 648 'qam
560 578 676 632 ratione
711 577 799 633 nobis
831 593 901 634 eum
931 579 1143 637 commendes:

92 671 300 729 abstraximus
317 671 380 726 cito
399 670 572 742 opinionem
591 682 621 727 et
639 673 787 754 uisioncm
804 679 926 728 statura
944 683 974 728 et
993 687 1145 744 persona,
1191 662 1196 680 '

91 779 123 824 et
152 785 221 824 rem
245 769 340 839 ipsam
370 767 401 821 in
423 783 462 822 eo
481 775 511 822 st
529 767 713 836 gratulamur
730 777 761 822 et
782 768 946 838 miramur,
974 769 1145 842 gratiasque

90 863 297 920 illustrissimo
316 860 467 933 Principi,
492 871 547 917 tuo
566 877 688 933 quoque
707 861 805 918 ollicio
825 862 959 932 agimus:
991 878 1097 920 verum
1113 865 1144 920 id

91 959 192 1028 potius
219 957 388 1013 curandum
416 963 479 1016 est,
510 971 642 1028 quonam
668 956 769 1014 studio
798 941 993 1012 reddas‘eum
1010 937 1144 1031 Principi

75 1063 199 1116 xnostro
224 1049 566 1107 commendatissimum.
601 1049 668 1121 Ego
692 1051 781 1126 plane
808 1050 951 1109 Graccum
979 1063 1145 1124 praecepto.

88 1161 174 1216 rem,
193 1145 248 1206 illo
267 1147 372 1216 salvo,
392 1145 481 1200 alium
498 1161 561 1202 non
580 1145 732 1202 desidero.
758 1145 858 1202 Unum
875 1147 987 1210 timeo,
1007 1163 1044 1201 ne
1063 1147 1145 1212 forte

89 1241 206 1297 victum
229 1249 345 1297 nostras
368 1239 500 1311 regionis
523 1256 585 1295 non
604 1240 675 1297 satis
691 1240 770 1296 lerat
788 1239 958 1296 teneritudo
978 1239 1061 1312 ejus:
1093 1241 1145 1298 de.

88 1335 174 1399 inde,
195 1335 280 1408 quod
300 1335 410 1404 audio,
428 1329 662 1406 nimium-parco
680 1333 829 1407 stipendio
848 1347 917 1390 enm
935 1335 1144 1406 conductum,
1215 1403 1218 1410 1

89 1430 165 1486 adeo
196 1439 232 1485 ιιι
257 1427 455 1501 Lipseosibus
478 1429 541 1500 jam
567 1428 771 1498 gloriabundis
800 1445 869 1506 spes
900 1428 962 1496 sit‚·
994 1427 1081 1498 iore,
1099 1433 1145 1487 ,ιιι

87 1523 178 1581 nobis
199 1540 271 1579 eum
289 1525 470 1598 quantocius
489 1525 634 1581 auferant.
677 1523 756 1582 Nam
775 1524 992 1580 et.solicitatus
1004 1524 1068 1594 jam
1087 1523 1145 1582 luit

89 1617 126 1673 ab
146 1619 210 1689 eis,
240 1627 401 1692 antequam
421 1619 456 1674 ad
475 1636 531 1676 nos
550 1617 732 1692 perveniret.
773 1617 910 1690 Suspicio
930 1617 1002 1676 mibi
1021 1629 1085 1688 est,
1113 1625 1145 1674 et

88 1713 192 1770 multis
210 1715 276 1770 aliis
294 1729 437 1784 mecum,
463 1714 506 1771 D.
527 1714 735 1784 Plellingermn
753 1729 811 1784 pro
833 1723 919 1768 more
947 1727 1003 1768 suo
1014 1751 1024 1780 ,
1052 1712 1143 1768 etiam

90 1805 119 1862 iu
144 1807 202 1864 bac
228 1823 336 1878 cauea,
365 1808 492 1866 nimium
514 1809 646 1868 voluisse
674 1807 825 1880 Principis
845 1807 999 1880 marsupio
1023 1805 1144 1862 fidelem

90 1900 331 1974 dispensatorem
350 1886 504 1976 praestare.

158 1997 283 2070 ltaque,
302 1997 344 2052 mi
362 1997 533 2070 Spalatine,
546 2003 581 2054 ut
595 1975 709 2066 libers,
733 1995 762 2052 id
782 2003 845 2065 est,
871 2011 943 2052 cum
961 1994 1143 2054 amicissimo

91 2087 215 2161 loquar,
233 2107 291 2147 sos
310 2092 430 2162 videte,
447 2108 485 2148 ne
497 2107 658 2164 porsonam
673 2101 704 2147 et
716 2099 834 2146 natatem
844 2090 911 2164 ejus
923 2089 1143 2145 contemnatisr

90 2181 184 2238 bomo
203 2185 309 2254 dignus
330 2195 378 2242 est
395 2186 476 2241 omni
492 2186 622 2242 bonore.
658 2183 783 2240 Nollem
798 2184 881 2240 snim'
896 2199 953 2240 nos
971 2191 1002 2240 et
1016 2182 1145 2239 Univer.

91 2275 212 2332 sitatsm
229 2289 363 2334 nostum
380 2279 559 2336 rusticitatis
577 2279 692 2348 insigne
718 2277 896 2340 admittere,
926 2291 987 2349 quo
1012 2276 1144 2333 fabulam

93 2383 136 2424 ex
153 2371 242 2428 nobis
260 2373 352 2432 aemuli
372 2373 591 2446 speciosiorem
608 2375 709 2430 iacere
727 2374 855 2448 possint.
912 2419 917 2428 „

161 2461 255 2522 Mitto
273 2484 365 2539 nugas
382 2485 466 2526 meas
483 2469 698 2539 nugacissimas
717 2477 748 2524 et
766 2467 1073 2540 extemporalisaimas
1090 2466 1143 2524 ad.
1252 2451 1258 2486 ³

13 2541 14 2548 ἵ
91 2575 196 2616 versus
211 2560 400 2625 silvestrum,
420 2581 493 2620 vere
512 2565 683 2622 silvestrem
701 2569 732 2619 et
751 2569 952 2634 campestrem
974 2562 1143 2638 sophistam

90 2667 214 2723 meum,
241 2654 336 2712 biduo
364 2657 485 2715 effusas:
525 2658 634 2732 Neque
653 2658 733 2713 enim
758 2658 864 2729 dignus
883 2657 956 2713 mibi
976 2657 1059 2714 visus
1077 2665 1144 2726 est,

89 2757 214 2820 propter
234 2765 326 2822 quem
344 2767 457 2813 nervos
476 2753 585 2824 ingenii
611 2761 642 2812 et
659 2753 749 2812 studii
772 2769 896 2825 operam
916 2753 1028 2807 trustra
1047 2759 1144 2806 tento.
1172 2767 1175 2772 Δ
1235 2823 1251 2838 .

89 2858 171 2914 rem,
189 2843 219 2898 in
239 2853 301 2900 tam
320 2843 437 2902 levibus
454 2848 535 2907 auis,
555 2856 585 2902 et
604 2847 661 2913 (ut
678 2848 811 2916 vocant)
836 2843 983 2901 bullaceis
1008 2843 1144 2913 syllogis-

89 2938 154 2993 mis.
187 2937 280 2994 Meas
306 2953 411 3012 causas
435 2941 489 3004 tibi
515 2959 595 2996 curas
621 2957 709 3008 esse,
735 2941 845 3010 gratias
864 2955 919 3008 ago
938 2939 1009 2994 Deo
1028 2947 1060 2994 et
1078 2937 1144 2994 tibi.

88 3030 159 3090 llale
186 3043 217 3088 et
249 3049 314 3088 ama
345 3049 395 3091 me
424 3035 455 3090 iu
480 3035 613 3094 Christo.
658 3035 761 3092 Pridie
789 3033 913 3090 Calend.
939 3031 1149 3106 Septembris,‘

89 3141 162 3182 anno
178 3125 369 3188 Mvallt.

597 3223 632 3294 F.
649 3223 804 3284 Martinus
821 3225 995 3294 Lntberus,
1012 3223 1142 3294 Atagust.
1178 3275 1192 3284 ,,

147 3369 195 3427 D.
208 3371 345 3429 Andreas
358 3371 565 3432 Carolstadins
577 3373 723 3434 adversus
735 3373 821 3432 Eccii
834 3374 1042 3432 detentionem
1055 3335 1142 3427 aliam
1193 3397 1204 3415 ·

85 3465 212 3522 molitur
227 3481 375 3538 pugnam:
408 3477 438 3523 et
456 3477 602 3542 quantum
621 3486 678 3541 ego
698 3471 784 3544 capio
799 3470 856 3540 ²),
880 3469 993 3526 Eocius
1018 3483 1071 3524 sua
1090 3467 1143 3520 de.

84 3555 223 3616 lectione
248 3561 323 3616 nibil
349 3564 444 3634 lectt,
472 3563 529 3620 nisi
548 3566 632 3635 quod
649 3567 753 3626 losum
772 3563 905 3626 ostendit
919 3599 930 3630 ,
956 3575 1018 3634 quo
1043 3561 1143 3634 possit

85 3667 174 3736 quatu
187 3655 342 3728 aptissime
359 3657 455 3739 leripi.

136 3914 170 3964 a)
184 3909 259 3958 cod·
278 3910 346 3960 len.
372 3921 498 3974 quautam
512 3923 557 3972 ego
574 3913 656 3974 cupio.
