2686 4558
217 279 302 360 roo¹
700 272 790 338 iseo.

216 427 353 496 Ductori
366 431 474 488 ‹Gaivo
499 429 730 501 scriptumest:
756 430 850 488 hodie
876 431 1094 490 conveniemus
1123 435 1218 490 icturi
1240 443 1275 492 es

217 508 411 604 responsuri.
446 526 519 582 Heri
539 541 578 582 ex
599 525 641 581 D.
668 517 810 590 Conrado
831 525 938 596 Rege,
962 529 1075 598 genero
1100 527 1144 584 D.
1168 529 1276 594 Wolf.

217 627 323 699 genui,
348 622 423 680 mibi
435 622 552 678 nuntiet
570 619 737 678 Matthaeus
752 619 919 690 Adrianus,
941 629 976 678 ut
995 623 1212 694 responderem
1227 621 1274 678 ei:

216 731 293 794 puto
314 727 434 786 autern,
458 731 508 771 mc
528 716 554 770 ei
574 715 767 786 respondisse
775 753 785 783 ,
812 732 847 770 ac
864 715 965 772 literas
989 715 1174 786 interceptus
1193 733 1273 774 esse.

218 815 357 872 Contulit
379 812 460 868 idem
479 825 616 871 mecumi
641 818 754 881 quanto
778 809 926 880 stipendio
950 809 1129 866 crederetur
1145 821 1277 868 conten.

217 919 267 968 tus
291 909 375 975 fore,
398 915 433 962 ut
449 905 501 962 hic
520 899 648 958 liebrnes
667 901 872 975 profiteretur.
913 901 1131 960 Arbitrsbstur
1148 904 1221 972 ille,
1246 906 1275 960 si

218 1012 341 1062 centum
360 1009 412 1057 eut
430 999 602 1068 monegints
622 1011 731 1054 eureos
750 997 893 1066 haberet,
912 1006 1068 1054 moturum
1085 998 1171 1054 illum
1190 1000 1276 1056 illinc

144 1137 146 1142 ,
218 1099 255 1156 ad
277 1113 351 1154 nos:
370 1097 399 1152 id
418 1095 499 1167 quod
514 1094 588 1166 jam.
602 1091 664 1148 aliis
687 1092 782 1148 literis
805 1109 902 1149 exeo
929 1091 1124 1150 sciscitabor.
1158 1091 1210 1150 Tu
1230 1095 1276 1150 in.

218 1193 308 1248 terim
332 1189 483 1262 responde
506 1197 593 1243 tuum
616 1201 738 1241 sensum
757 1187 811 1242 vel
829 1178 923 1260 spem.

184 1291 192 1300 '
286 1285 392 1366 liabeo
417 1285 446 1339 in
467 1281 621 1349 menibus,
648 1280 748 1336 officio
769 1279 926 1336 Dominici
950 1281 1157 1354 Sohlenpncr‚
1184 1283 1276 1340 done.

218 1372 332 1438 tioneth
362 1377 550 1434 Constantini
578 1392 593 1427 a
629 1375 794 1458 Laurentio
818 1375 948 1431 Vallensi
980 1377 1192 1446 confutatum,
1221 1394 1274 1450 per

216 1475 385 1532 lluttenum
399 1473 521 1528 editum.
539 1503 540 1509 κ
556 1468 644 1525 Deus
661 1468 765 1539 bone,
782 1477 900 1540 qusntne
920 1485 974 1556 spu
995 1469 1131 1524 tenebre
1150 1485 1206 1526 seu
1224 1485 1274 1525 ne.

218 1569 320 1642 quitiae
336 1564 591 1624 Romanensium:
618 1573 666 1636 et,
692 1563 774 1634 quod
795 1564 826 1619 in
848 1563 908 1619 Dei
925 1564 1042 1634 judicio
1064 1566 1205 1635 mireris,
1221 1582 1275 1638 per

216 1671 265 1719 tot
287 1662 396 1720 sucula
419 1677 480 1716 non
504 1659 598 1714 modo
627 1659 771 1727 durasse,
796 1659 850 1714 sed
878 1659 968 1714 etiarn
995 1661 1211 1730 prevaluisse,
1239 1677 1272 1716 sc

207 1759 298 1816 iuter
325 1755 492 1812 decretales
514 1754 608 1810 relate
635 1768 701 1808 esse
728 1759 790 1808 tem
818 1752 952 1826 impure,
979 1763 1041 1808 tam
1065 1769 1187 1822 crasse,
1213 1765 1270 1810 tem

217 1851 402 1923 impudentia
421 1849 595 1917 mendacis,
614 1847 704 1918 inque
725 1845 792 1901 fidei
814 1847 1011 1902 articulorum
1032 1843 1168 1918 (nequid
1190 1866 1271 1904 mon.

217 1929 394 2003 strosi‘ssimi
419 1941 547 2000 monstri
577 1941 678 2009 desit)
705 1943 804 1998 vicem
831 1941 1026 1996 successisse.
1069 1939 1140 2012 Ego
1161 1941 1206 1997 sic
1225 1959 1271 1996 aa.

216 2058 293 2112 gor,
318 2050 352 2096 ut
371 2057 466 2112 prope
492 2055 554 2094 non
581 2037 717 2091 dubitem
742 2035 855 2106 Pupam
877 2051 944 2090 esse
968 2019 1099 2105 proprie
1121 2037 1270 2092 Antichri-

216 2145 298 2192 stum
318 2135 419 2202 illum,
443 2149 534 2205 quem
553 2131 674 2202 vulgata
694 2130 836 2203 opinione
856 2137 998 2202 expectet
1018 2129 1170 2187 mundus:
1200 2132 1268 2186 edeo

217 2228 403 2283 conveniunt
425 2228 543 2294 omnia,
570 2242 635 2298 quae
657 2225 751 2293 vivit,
777 2224 868 2294 facit,
894 2223 1047 2296 loquitur,
1066 2226 1181 2284 statuit.
1214 2227 1267 2282 Sed

215 2320 281 2408 brec
300 2323 394 2391 magis
415 2336 530 2376 coram.
567 2320 596 2376 Si
616 2337 678 2376 non
699 2319 819 2387 vidisti,
838 2318 953 2375 curabo
971 2327 1006 2373 ut
1025 2321 1119 2390 leges.

223 2425 225 2439 ·
270 2417 335 2472 ‘De
364 2415 559 2470 Scholasticis
587 2425 618 2470 et
642 2414 808 2492 pictoribus
821 2413 860 2488 ¹⁴)
900 2415 1024 2483 nescio,
1057 2415 1132 2488 quid
1160 2417 1264 2472 dicrum
1330 2429 1331 2436 ¹

214 2519 337 2579 metuo,
361 2525 400 2566 nc
421 2496 611 2564 csuss'tants
632 2498 772 2578 nonsit,
798 2518 939 2582 quantam
962 2508 1078 2565 faciunt
1102 2513 1182 2567 venti
1205 2512 1266 2582 qui.

216 2608 302 2672 darn,
332 2605 382 2676 qui
406 2619 473 2658 eum
496 2603 607 2657 inflant.
628 2601 704 2670 *Egi
727 2605 757 2658 in
785 2604 933 2658 concione
960 2619 1017 2676 pro
1047 2621 1101 2673 es,
1130 2605 1181 2661 sed
1205 2623 1266 2660 uon

215 2699 357 2756 omnibus
388 2695 532 2752 satisfeci.
572 2695 685 2762 Ersnt,
716 2697 767 2766 qui
801 2713 851 2752 me
881 2697 1018 2754 dicerent
1047 2697 1141 2755 nimio
1168 2699 1266 2754 terere

112 2803 116 2813 ’
214 2795 290 2866 psrti
321 2792 530 2860 scholasticae,
558 2791 605 2846 elii
631 2799 749 2847 contre.
799 2771 886 2847 rideo
912 2792 1103 2848 intractabile
1127 2801 1173 2850 est
1196 2809 1265 2866 opus

216 2886 347 2954 diaboli,
378 2887 548 2958 meliusque
570 2885 695 2950 luisset,
716 2895 750 2941 ut
766 2887 795 2942 in
810 2902 842 2941 se
859 2887 925 2958 ipso
943 2887 1168 2949 deferbuisset,
1184 2904 1264 2960 quem

214 2989 299 3038 tanto
321 2981 452 3037 tumultu
472 2991 503 3036 et
525 2981 655 3054 strepitu
675 2981 773 3038 sederi
794 2990 892 3051 coepta
911 2990 966 3038 est.
1004 2981 1098 3038 Pauci
1118 2993 1202 3051 sunt,
1217 2981 1262 3053 qui
1325 2999 1326 3002 ¹

213 3076 321 3132 ludunt
340 3075 421 3158 hanc
446 3076 638 3146 tragoediam,
660 3085 691 3132 et
712 3077 773 3132 non
797 3075 895 3145 digni,
922 3075 961 3130 ob
987 3093 1066 3148 quos
1084 3087 1150 3134 tota
1168 3079 1263 3133 civim

214 3169 448 3226 ctUniversitas
467 3169 661 3244 sic-laboret.
697 3169 807 3241 Neque
828 3177 929 3240 potest
948 3169 1028 3238 lieri,
1060 3173 1145 3227 utin
1165 3187 1262 3240 magno

212 3281 354 3335 aegroque
371 3279 504 3334 corpore
521 3263 535 3329 (
544 3274 577 3320 nt
596 3263 768 3320 Antiochus
784 3264 897 3320 Herodi
918 3263 1015 3332 dixit)
1034 3282 1097 3320 non
1114 3267 1264 3338 aliquando

212 3361 300 3414 ulcus
319 3368 370 3412 sut
389 3373 445 3429 pus
464 3359 630 3414 subsimile
648 3360 719 3431 quid
739 3359 875 3428 oriatur:
904 3359 989 3430 quod
1009 3359 1034 3414 si
1053 3375 1108 3415 sun
1126 3361 1205 3416 siuns
1221 3359 1264 3414 ria

212 3455 276 3520 irc,
301 3465 357 3522 per
373 3465 406 3508 se
425 3450 578 3516 cessabit:
604 3453 650 3507 sin
668 3452 864 3524 prohibueris
885 3462 915 3509 et
933 3453 1144 3524 obstruxeris,
1173 3465 1263 3512 totum

213 3561 326 3615 corpus
350 3543 463 3600 inliciet
488 3553 518 3600 et
543 3547 659 3616 perdet.
701 3548 808 3616 Agim,
823 3556 940 3616 tamen,
970 3557 1116 3618 quantum
1135 3563 1261 3620 possum.

212 3635 287 3695 Vale
314 3648 344 3693 et
372 3655 427 3694 ora
454 3653 510 3708 pro
538 3655 600 3694 me.
644 3637 737 3696 Prior
762 3649 869 3698 noster
895 3642 1002 3698 Heltus
1028 3641 1263 3713 Magdeburgem

213 3733 328 3800 iverat,
346 3733 406 3786 tuis
418 3732 514 3790 literis
528 3734 727 3792 venientibus.
746 3737 852 3806 Vigilia
864 3735 1020 3806 Matthia,
1040 3755 1119 3794 anno
1130 3737 1263 3796 Mnxx.

771 3831 924 3900 Martinus
943 3831 1120 3905 Lutherus,
1140 3837 1261 3904 August.

266 4031 296 4086 ι)
324 4025 373 4078 en
387 3995 525 4078 scatentes
539 4029 586 4079 nis
598 4021 685 4082 metes
699 4032 781 4086 recrea
795 4033 863 4084 einen
880 4034 964 4088 enen
977 4033 1070 4090 aerest.
