2716 4556
156 233 277 390 im
363 252 430 390 ·
656 283 845 354 .1519·''

209 453 414 536 purissimum
440 463 507 505 esse
533 443 697 504 thalamum
720 426 854 512 christi,
884 425 1014 498 matrem
1039 432 1275 518 Ecclesismnr,

212 557 284 612 dom
295 553 374 624 inum
396 545 519 610 mundi,
544 541 597 596 sed
618 541 742 612 spiritu,
769 539 798 593 id
817 547 880 606 est,
907 537 1067 610 vitiorum,
1085 559 1149 598 non
1167 559 1276 600 renim

210 648 495 718 mundi‘„sponsam
514 635 642 704 Christi,
661 633 750 690 filium
764 633 842 701 Dei,
861 643 1012 690 terrorem
1026 637 1153 706 inferni,
1175 640 1276 696 victo.

211 746 290 802 riam
313 735 426 802 cernis,
445 731 559 802 etquid
574 729 694 785 dicam?
714 730 801 798 ortjus
815 735 886 783 sunt
898 729 1020 792 omnia,
1034 731 1123 800 juxta
1140 732 1277 790 Paulum

211 845 237 894 s,
258 837 335 890 cor.
356 831 419 898 ΙΙΙ,
444 827 513 898 ipsa
533 827 635 880 aulem
654 823 787 886 Cluuii,
809 823 948 880 Christus
965 833 1066 880 nutem
1089 826 1163 882 liei.
1203 827 1274 882 linc

210 945 286 989 vero
309 939 349 980 ex
363 898 512 978 fructibus
527 921 589 976 suis
605 921 810 990 cognoscitur.
844 918 918 996 an
937 926 1018 991 quod
1036 922 1137 990 magni
1159 923 1275 976 facien.

116 1075 123 1086 ,
211 1027 283 1082 dum
302 1020 363 1088 sit,
387 1033 437 1073 res
456 1025 576 1071 nostras
596 1021 626 1070 et
641 1015 709 1085 jura
728 1013 837 1082 diripi,
859 1029 929 1067 cum
946 1013 1038 1070 lixum
1058 1015 1099 1070 sit
1122 1015 1154 1071 iu
1176 1017 1274 1086 coelo,

214 1115 407 1173 christianos
427 1113 457 1166 in
481 1111 539 1165 heo
563 1109 623 1162 vita
647 1123 840 1178 pressuram,
864 1106 1046 1166 Nimbrotos
1066 1117 1098 1164 et
1121 1109 1274 1164 robustos

212 1221 380 1269 venatores
398 1207 476 1280 peti,
499 1203 614 1262 necab
636 1203 694 1256 hnc
718 1202 890 1258 conditione
911 1202 1089 1258 liberabitur
1107 1203 1274 1265 Ecclesia,

144 1291 147 1300 Δ
167 1327 171 1344 ¹
212 1308 269 1363 nisi
291 1319 350 1377 per
370 1311 518 1358 mortem:
539 1299 636 1372 palme
655 1305 719 1362 cst,
739 1311 851 1368 quanto
871 1299 979 1354 lortius
994 1289 1165 1370 premitur,
1185 1307 1273 1355 tanto

212 1399 374 1458 sublimius
397 1396 546 1451 exaltetur
568 1394 597 1448 in
620 1393 735 1465 Gades:
762 1393 815 1448 sed
840 1393 921 1463 quod
942 1393 1084 1450 omnibus
1104 1393 1272 1466 lachrymis
1339 1381 1340 1406 ¹

212 1496 253 1550 sit
271 1491 395 1546 miseris
411 1490 526 1560 major,
551 1487 615 1542 ltaec
635 1501 651 1540 n
671 1485 815 1542 fratribus
839 1495 870 1540 et
894 1487 1028 1556 patribus
1049 1488 1079 1542 in
1104 1489 1219 1545 iratres
1241 1497 1273 1544 et

213 1587 293 1644 lilios
310 1584 375 1640 lieri
399 1583 499 1648 (sicut
519 1583 547 1636 in
565 1580 730 1653 Prophetis
749 1581 822 1635 dicit
843 1581 1013 1650 Dominus,
1032 1582 1111 1638 lilios
1130 1599 1147 1635 s
1164 1599 1271 1654 paren.
1340 1601 1341 1610 2

214 1682 296 1738 libus
322 1677 460 1744 vorari),
485 1693 550 1748 quse
571 1693 588 1731 a
610 1675 713 1731 Turca
733 1677 785 1730 vix
805 1675 928 1745 fierent,
949 1687 999 1732 ant
1018 1677 1188 1746 siderent,
1211 1695 1269 1734 non

134 1805 137 1814 ·
213 1785 319 1833 lemen
336 1786 475 1829 sanctum
493 1787 604 1826 nomen
622 1769 751 1836 Christi,
770 1779 832 1824 tem
851 1771 940 1828 foedis
958 1773 1102 1827 monstris
1121 1781 1270 1843 praetexe.

187 1855 192 1868 ⁸
215 1879 324 1939 retur,
348 1877 477 1941 quaeest
497 1867 631 1922 omniurn
647 1863 918 1922 intolerabilissimn
938 1865 1052 1922 Christi
1070 1875 1101 1921 et
1121 1866 1269 1923 Ecclesia

215 1965 335 2036 injuria.
370 1963 435 2018 Res
458 1977 529 2017 sane
552 1968 621 2016 eant
645 1967 676 2016 el
701 1959 762 2014 vita
783 1975 922 2029 pessum:
948 1969 979 2014 nt
1004 1975 1115 2016 nomen
1140 1961 1268 2020 Domini
1342 1969 1343 1992 Ι

216 2071 363 2117 ueternum
382 2073 438 2112 cur
456 2050 604 2129 patiemur
624 2062 686 2109 tam
704 2054 782 2108 loedc
805 2055 1022 2125 conspurcari?
1053 2053 1149 2111 Nullo
1173 2057 1266 2111 modo

190 2201 195 2212 .
216 2171 290 2223 ergo
313 2153 459 2234 llohtanae
485 2149 630 2206 Ecclesiae
651 2149 794 2204 resistere
819 2148 912 2204 iicet:
943 2153 973 2204 e't
999 2149 1144 2230 uomens
1170 2151 1267 2206 Curias

216 2251 305 2317 longe
326 2248 441 2316 majore
460 2245 569 2316 pictate
587 2243 762 2298 resisterent
781 2259 886 2311 reges,
905 2243 1122 2315 principes,)et
1141 2246 1268 2314 quicun-

216 2326 276 2414 que
297 2347 446 2412 possent,
473 2353 563 2413 quam
590 2337 661 2409 ipsis
681 2336 803 2392 Tuscis.
849 2337 920 2391 Hno
945 2337 1105 2393 verbosius
1131 2339 1214 2394 lorte
1238 2349 1267 2393 et

214 2434 356 2492 liberius:
384 2447 490 2488 verum
511 2439 635 2502 propter
656 2445 728 2503 eos,
757 2431 807 2501 qui
832 2447 902 2485 cum
925 2429 1099 2487 illusoribus
1123 2431 1182 2488 illis
1200 2439 1266 2488 sins

215 2529 273 2584 line
295 2527 424 2585 illudunt
442 2525 614 2591 Christum,
644 2533 849 2580 coactussum
869 2525 1017 2596 meipsum
1036 2541 1201 2595 exponere,
1231 2535 1265 2580 ut

214 2623 312 2680 sciant
332 2636 399 2678 sese
420 2635 541 2686 errare,
567 2618 686 2688 quando
712 2633 762 2672 ure
784 2635 800 2673 a
822 2619 956 2675 Romans
975 2619 1112 2675 Ecclesia
1137 2621 1265 2675 silenum

215 2718 369 2782 clamant,
401 2713 635 2786 quipupissims
664 2711 755 2781 diligo
782 2729 844 2768 non
872 2715 965 2770 modo
992 2713 1182 2784 Romanum,
1211 2715 1264 2771 sed

213 2821 312 2866 totam
325 2805 494 2865 Ecclesiam
513 2806 641 2862 Cheisti:
668 2807 792 2875 deinde,
811 2811 891 2879 qnod
911 2817 1012 2864 certus
1030 2825 1115 2878 sum,
1135 2811 1266 2882 aliquan.

215 2906 255 2960 do
285 2903 476 2958 moriendum
508 2917 597 2968 esso,
630 2911 661 2956 et
688 2902 718 2956 in
754 2901 883 2956 udvemu
912 2901 1037 2957 Domini
1065 2905 1163 2960 nostri
1188 2905 1264 2960 Jesn

215 2999 330 3053 Cliristi
347 2997 498 3052 rationem
513 2997 694 3051 reddendam
713 2996 749 3050 de
765 2997 908 3063 veritate,
927 2998 973 3052 vel
987 2998 1092 3067 tacita,
1112 2999 1160 3053 vel
1176 2999 1264 3066 dicta,

163 3166 167 3172 ,
214 3103 302 3163 atque
324 3091 448 3147 omnino
465 3093 502 3146 tle
520 3092 633 3146 talento
649 3090 780 3150 'treditm
800 3105 837 3144 ne
858 3091 955 3160 ipsum
975 3091 1171 3150 abscondisse
1184 3094 1265 3164 judi.

213 3203 279 3242 cer.
315 3186 489 3242 irascantur
511 3201 599 3253 sone,
627 3186 677 3256 qui
705 3185 824 3249 volent,
848 3185 941 3258 modo
965 3201 1020 3253 ego
1046 3187 1128 3257 impii
1148 3188 1262 3244 silentii

211 3297 285 3336 reus
305 3297 365 3351 nop
385 3280 536 3346 inveniar,
559 3281 609 3348 qui
622 3279 706 3334 *mibi
725 3279 968 3344 somniassem,
995 3295 1060 3334 esse
1079 3295 1129 3334 me
1148 3281 1262 3337 debito.

211 3389 278 3430 rem
297 3375 399 3439 verbi,
418 3375 637 3445 quartiumlibet
654 3390 719 3428 sum
740 3373 885 3440 indignus.
932 3372 1096 3444 Nunquam
1116 3375 1182 3430 sine
1200 3391 1264 3430 san.

213 3469 301 3536 guins
325 3478 375 3522 aut
398 3467 531 3537 periculo
558 3465 684 3520 verbum
708 3451 768 3522 Dei
793 3467 915 3522 tractari
935 3469 1055 3538 potuit:
1083 3471 1155 3538 sed,
1186 3471 1264 3524 sicui

212 3577 270 3632 pro
290 3562 378 3616 nobis
400 3575 555 3616 mortuum
571 3571 636 3628 est,
661 3562 700 3616 ita
719 3561 852 3616 vicissim
874 3562 919 3616 sui
943 3561 1136 3617 consessione
1158 3575 1263 3626 einos

213 3669 271 3724 pro
290 3669 323 3708 se
344 3657 421 3711 mori
445 3657 547 3722 exigit.
589 3655 656 3710 Nec
674 3665 720 3713 est
738 3671 844 3710 servus
867 3655 965 3724 mnjot
986 3656 1110 3720 domino
1133 3673 1207 3712 suo:
1235 3657 1263 3711 si

211 3761 261 3802 me
288 3747 303 3814 (
313 3747 430 3817 inquit)
453 3752 606 3820 persecuti
622 3757 708 3810 sunt,
736 3755 766 3802 ei
782 3765 834 3804 uos
850 3758 1092 3822 per-sequantur:
1112 3751 1148 3817 ,si
1163 3767 1262 3806 merem

109 3879 112 3890 .
139 3829 145 3842 '
213 3853 383 3895 saruronem
400 3851 574 3909 servorun,
594 3850 622 3896 et
639 3851 770 3899 vestrum
787 3841 958 3901 servabunt.

282 3933 340 3989 Sed
366 3935 400 3990 sd
426 3951 478 3995 me
500 3940 618 4000 redeor,
637 3949 675 3993 en
691 3943 727 3994 nd
750 3955 825 4006 vos,
850 3939 955 4011 optimi
975 3939 1050 4006 viri,
1069 3939 1191 4003 resero,
1209 3953 1262 3994 seu

213 4024 268 4096 (ut
294 4027 420 4110 Paulino
443 4041 511 4086 ntur
536 4033 655 4110 serbo)
680 4031 840 4090 vobiscum
865 4035 994 4088 conlero
1021 4031 1084 4088 ho'o
1110 4018 1214 4090 meum
1231 4033 1260 4088 in
