2760 4556
130 247 205 269 ”’
318 343 365 390 .,
581 293 675 372 tsrs.
1100 299 1160 372 esr-

8 431 10 444 ’
57 527 63 535 ¹
96 453 138 512 sb
163 451 346 512 adversariis
363 453 440 512 meis
460 450 581 511 insidias
602 453 700 528 peruri
722 451 860 526 videam,
885 471 984 528 neque
1002 455 1090 514 iecile
1107 473 1161 516 us.
1239 467 1243 481 '

95 565 194 622 quem
218 557 286 604 tuto
310 550 419 620 degere
444 549 569 622 possim.
605 548 687 628 Quid
710 549 790 606 enim
811 567 868 620 ego
882 551 1020 610 miseret
1035 551 1159 610 humilis
1185 625 1189 636 ὓ

95 645 437 718 πιοηεοὴιιε·εροηωι
462 645 524 699 imo
542 642 614 715 quid
636 659 697 699 nou
716 643 1064 722 timeemldiscriminisi
1088 647 1160 720 quid

95 751 163 794 non
184 746 322 793 metum
346 737 415 792 meli
440 735 478 791 eb
504 737 618 793 emulis
638 737 739 794 meisi
771 754 842 794 cum
865 753 905 796 ns
929 737 1160 797 illustrissimum

96 832 224 905 quidem
253 843 336 888 tuem
358 829 632 913 Dominetionenr„
662 831 800 903 quumvis
827 840 944 890 tentum
967 819 1158 908 Principem,
1182 843 1188 856 ⁸

96 935 223 983 tentum
245 925 379 983 Romani
392 925 524 1004 Imperii¹
535 926 614 982 secri
631 920 825 995 El‘ectoretn,
847 933 963 983 tentum
983 925 1161 984 Christiane

97 1021 261 1092 religionis
280 1020 450 1086 cultorem,
470 1011 533 1077 sion
552 1019 689 1076 dubitent
706 1020 747 1076 ite
765 1021 920 1092 insigniter
937 1023 1110 1096 offendere,
1127 1033 1163 1082 ut

96 1117 199 1172 multo
217 1115 347 1172 meliore
364 1115 475 1172 merito
492 1114 599 1172 mineri
617 1115 794 1185 videantur,
814 1117 919 1174 nescio
937 1133 1028 1190 quem
1042 1117 1163 1176 eueni.

98 1219 215 1276 setene,
233 1209 292 1266 nlsi
310 1225 360 1268 ms
378 1207 426 1266 vel
446 1211 478 1266 iu
494 1209 602 1269 urbem
619 1209 738 1276 mittet,
757 1210 806 1268 vel
824 1211 951 1268 eterris
969 1212 1032 1270 suis
1051 1212 1163 1283 ejiciet.
1236 1277 1240 1292 .

91 1309 94 1318 '
159 1303 401 1379 Quapropter,
428 1321 467 1362 ne
491 1305 643 1363 illustriss.
673 1313 733 1362 tue
757 1305 970 1364 Dominetioni
1000 1308 1164 1380 quicquum

98 1415 173 1456 meo
199 1399 321 1454 nornine
343 1399 412 1454 meli
442 1394 547 1470 (qnod
568 1400 692 1458 minime
719 1402 855 1458 omnium
878 1399 997 1471 eelim)
1028 1403 1162 1461 eccidetr

8 1479 16 1502 ⁸
100 1511 178 1574 ecce
204 1494 345 1563 regiones
372 1503 439 1550 tues
467 1493 625 1568 relinquo,
648 1495 766 1565 iturus,
793 1511 855 1568 quo
875 1495 962 1554 Deus
985 1497 1162 1554 misericors

101 1587 257 1656 voluerit,
275 1599 307 1645 et
327 1589 393 1660 ejus
412 1587 516 1645 dirius
535 1591 681 1648 volunteti
700 1591 797 1648 mein
813 1605 937 1646 omnem
958 1592 1161 1664 permissurus
1189 1626 1197 1656 ,

101 1691 257 1738 eventum.
299 1680 386 1748 Nihil
419 1683 499 1738 enim
531 1684 630 1740 minus
654 1700 789 1757 sequor,
815 1699 905 1758 quern
933 1692 968 1740 ut
997 1675 1173 1757 quisquam¹

101 1777 278 1834 mortalium
298 1791 368 1852 mee
389 1791 479 1833 ceusu
509 1777 524 1849 (
531 1779 644 1834 nedum
664 1779 867 1838 illustrissime
890 1778 1069 1854 Dominetio
1090 1777 1163 1850 tus)

100 1871 152 1926 vel
171 1871 202 1926 in
220 1871 382 1943 invidiam,
402 1871 452 1928 vel
473 1872 503 1926 in
523 1871 691 1943 pericnlum
709 1873 831 1946 aliquod
850 1873 1024 1932 adducetur.

174 1963 405 2040 Quamobrem,
423 1965 624 2023 illustrissime
640 1966 809 2040 Princeps,
829 1955 1063 2024 illustrissimum
1080 1973 1164 2022 tuem

102 2058 356 2116 Dominetionem
375 2069 553 2118 reverenter
571 2061 689 2126 seluto,
710 2061 799 2132 elque
818 2059 996 2130 simpliciter
1014 2059 1164 2130 veledico,

104 2153 217 2223 gestias
233 2153 418 2211 immortelee
436 2171 493 2228 pro
509 2154 650 2210 omnibus
665 2155 727 2210 suis
743 2153 897 2212 beneficiis
914 2167 984 2224 erge
999 2169 1049 2210 me
1064 2169 1165 2224 egens·
1271 2199 1276 2207 ,
1350 2170 1359 2196 '-

105 2243 175 2315 Epo
189 2246 269 2302 enirn
284 2245 457 2319 ubicunque
474 2263 531 2304 ero
544 2249 694 2318 gentium,
713 2247 920 2304 illustrissime
937 2232 1169 2304 Dominetiouis

105 2347 168 2394 tues
191 2357 339 2414 nunquam
365 2359 504 2402 nocero
527 2333 662 2411 memo'r,
689 2343 809 2400 loturus
827 2357 949 2417 semper
972 2343 1110 2404 sincerus
1134 2350 1166 2398 et

106 2443 215 2506 gratus
232 2453 286 2506 pro
303 2445 352 2492 tus
372 2447 403 2494 st
420 2445 548 2496 tuorum
567 2437 713 2494 felicitate
730 2447 884 2510 precetur.
906 2477 922 2489 .·

175 2527 277 2586 Porro
284 2569 295 2599 ,
313 2532 396 2603 quod
417 2533 458 2588 eit
479 2531 748 2590 reverendissimus
764 2531 918 2590 Dominus
938 2531 1090 2603 Legem,
1116 2543 1165 2588 rs.

103 2623 274 2680 verendum
298 2624 424 2684 Putrem
447 2625 602 2684 Vicerinm
628 2627 721 2686 nbiise
743 2627 904 2685 inseluteto
926 2627 1070 2698 hospites
1094 2625 1167 2699 quid

104 2717 171 2775 lroc
185 2718 221 2774 ed
235 2719 468 2778 illustrissimum
481 2721 731 2780 Dominetionem
747 2726 849 2780 tuem?
866 2721 1005 2778 Vicerius
1022 2737 1084 2777 non
1102 2727 1168 2776 eret

104 2821 250 2870 vocatus:
268 2815 342 2872 nihil
362 2816 398 2872 ud
415 2832 485 2872 eum
503 2831 593 2874 ceusu
612 2817 668 2874 iste
687 2817 876 2890 pertinebetr
895 2823 1017 2882 poteret
1036 2814 1100 2882 ire,
1120 2829 1167 2868 re.

103 2906 189 2971 dire,
207 2907 309 2977 abire,
326 2910 450 2978 venire,
468 2911 549 2966 omni
569 2911 663 2981 bore,
681 2910 843 2987 utyvoluit.
878 2909 929 2964 An
951 2907 1042 2964 etiem
1063 2916 1167 2982 portus
1188 2954 1191 2965 .
1220 2947 1227 2970 .

103 3001 249 3072 Argenta
280 3003 520 3076 ingredientibus
543 3015 576 3062 et
601 3003 822 3076 egredientibus
843 3013 971 3076 propter
989 3017 1039 3058 me
1068 3001 1165 3060 cleudi
1196 3043 1203 3048 -

105 3095 290 3166 oportebeti
311 3097 368 3154 Sed
386 3097 498 3162 timeor
523 3100 605 3172 quod
626 3099 826 3172 undecunque
840 3098 1021 3179 corrsdetur
1037 3103 1069 3154 st
1085 3111 1166 3168 que.

104 3200 195 3246 retur
207 3205 298 3248 ceusu
317 3199 424 3248 contre
443 3209 503 3252 me.
546 3193 682 3250 Necesse
709 3201 755 3249 est
777 3193 857 3248 eninr
875 3191 968 3265 queri
987 3193 1109 3251 ceueem
1122 3190 1167 3279 ub

106 3300 165 3353 eo,
182 3285 234 3357 qni
253 3286 319 3342 vult
335 3286 450 3343 hebere
468 3303 607 3356 sensnm,
624 3287 676 3342 ubi
694 3285 806 3342 nollem
824 3284 918 3342 hebet
935 3277 1072 3342 causum,

31 3421 37 3426 .
129 3441 134 3460 .
175 3379 232 3433 Sed
250 3379 315 3452 jem
336 3380 473 3457 ignoscet
495 3381 696 3438 illustrissime
714 3379 894 3460 Dominetio
913 3389 965 3436 tue
983 3375 1165 3436 verbosissi-

104 3473 164 3532 mis
185 3475 273 3544 nugis
289 3469 390 3533 'meis
433 3475 501 3548 Ego
521 3475 620 3533 edhuc
644 3475 738 3544 gretie
756 3475 816 3532 Dei
838 3474 975 3545 gaudeo,
1007 3479 1038 3528 et
1059 3465 1170 3542 entiae

105 3584 183 3638 ego,
213 3568 297 3640 quod
325 3568 466 3628 Christus
489 3569 550 3626 Dei
570 3568 648 3627 lilius
667 3570 697 3626 in
720 3577 780 3624 tem
798 3559 903 3626 senct'e
926 3584 1015 3626 ceusu
1038 3583 1088 3623 me
1107 3566 1169 3642 peti

106 3661 232 3734 dignum
249 3663 453 3735 jndiceverit,
472 3665 523 3740 qui
544 3672 707 3721 conservet
724 3663 956 3722 illustrissimum
975 3663 1170 3755 Dominetiq.

104 3773 179 3813 nem
206 3767 292 3834 tuem
322 3757 353 3814 in
379 3769 547 3830 eternum,
577 3761 687 3816 Amen.
727 3761 773 3822 29.
791 3757 999 3840 Novembris,
1024 3753 1170 3815 Wittsm·

105 3850 226 3923 berges,
246 3869 325 3909 euno
342 3851 527 3911 Mnxvffl.

160 3947 389 4006 'illustrissime
407 3947 631 4009 Dominetiouis
648 3955 707 4006 turs
726 3955 869 4020 precetur
885 3948 1025 4022 indignus

614 4041 822 4114 F.‚Mertiuus
840 4043 1020 4116 Lntborus,
1040 4041 1168 4113 August.
1240 4068 1245 4083 ι
1304 4025 1310 4036 ’
