2714 4556
387 155 391 184 l

206 217 272 328 tao·
358 281 362 289 .
683 218 773 286 1⁵15.

203 397 292 456 quam
309 379 415 450 singuli
437 395 518 450 paene
536 375 635 451 apices
653 377 736 434 olent
758 346 1091 445 crassissime,'eadem
1110 371 1160 426 illa
1180 369 1268 442 impia

131 477 135 484 “
167 453 175 476 '
203 487 234 532 et
257 478 397 532 haeretica
422 451 607 540 statuerunt,
632 485 661 528 et
683 475 722 530 ita
742 480 931 538 statuerunt,
950 478 985 526 ut
1001 465 1271 536 confessoresJu.

105 575 109 584 “
154 564 160 597 ”
193 571 345 645 ‘ramento’
360 571 527 637 attigerant,
552 584 612 638 quo
629 568 695 622 hac
709 568 773 646 ipsa
791 566 963 623 fidelissime
984 562 1269 632 instantissimoque

203 659 315 740 populo
336 663 530 746 inculcarent.
757 729 760 736 Ι
789 653 801 696 Ι

164 765 170 784 ·
251 759 349 812 ·Vera
372 759 457 825 dico,
486 771 543 810 nec
565 763 629 825 est,
655 770 716 827 quo
738 772 770 811 se
795 754 1027 810 abscondente
1056 751 1166 806 calore
1188 747 1269 818 hoc5

207 867 309 908 ext-ant
341 851 454 916 libelli,
488 867 545 904 nec
576 859 702 919 possunt
736 865 854 917 negare.
903 847 1087 916 Agebantur
1120 854 1188 899 tum
1223 843 1270 898 illa

205 955 368 1019 prospere,
396 955 425 998 et
446 944 670 1012 exsugebantur
694 945 795 1014 populi
822 943 902 998 falsis
922 941 1058 1013 spebus,
1086 949 1119 994 ct
1142 945 1175 992 ut
1193 935 1271 993 Pro.

196 1020 293 1112 'pheta
324 1039 380 1106 ait,
416 1055 540 1092 curarem
569 1039 713 1106 decepere
738 1035 852 1092 ossibus
871 1037 982 1092 'eorum
1010 1031 1183 1102 tollebant,
1215 1031 1269 1104 ipsi

204 1151 279 1189 vero
300 1134 491 1204 pinguissime
512 1147 539 1186 et
559 1135 733 1186 suavissime
752 1113 863 1187 interca
884 1129 1102 1201 pascebantur.

273 1227 372 1280 Unum
394 1241 476 1293 erat,
498 1243 558 1297 quo
576 1227 712 1282 scaudala
729 1225 890 1293 sedabant,
902 1223 1031 1280 scilicet
1048 1233 1159 1279 terror
1175 1222 1270 1279 notui.

205 1323 252 1376 nis
274 1321 340 1376 tui.
371 1322 445 1388 iguis
462 1321 671 1381 comminatio.
701 1333 731 1374 et
752 1320 888 1397 haeretici
903 1320 1035 1376 nominis
1053 1318 1268 1390 opprobrium.

205 1415 277 1469 Hauc
314 1417 392 1469 enitn
422 1414 599 1469 incredibile
621 1423 685 1482 est,
716 1430 804 1486 quam
830 1415 971 1486 propensi
1009 1413 1074 1468 sint
1102 1413 1267 1480 intentare,

207 1511 387 1588 qiiandoque
415 1510 504 1566 etiam
526 1510 549 1564 si
570 1510 600 1564 in
619 1509 710 1578 meris
729 1507 932 1579 opiniosisque
954 1506 1043 1576 nugis
1063 1507 1129 1562 suis
1149 1513 1270 1560 contra.

207 1603 371 1657 dictionem
392 1603 561 1658 senserint:
586 1602 610 1656 si
633 1613 731 1656 tamen
757 1603 818 1681 hoc
845 1593 891 1656 'est
915 1601 1056 1656 scandala
1081 1603 1211 1667 sedare,
1234 1615 1270 1653 ac

206 1713 268 1752 non
290 1697 389 1766 potius
411 1711 495 1753 mera
520 1697 674 1767 tyrannide
705 1695 867 1752 schismata
891 1705 922 1750 et
951 1695 1130 1752 seditiones*
1150 1693 1269 1748 tandem

208 1791 369 1848 suscitare.

215 1863 219 1878 ’
276 1885 390 1941 Verum
410 1885 603 1944 nihilominus
619 1886 854 1944 crebrescebant
875 1884 981 1941 fabulae
1000 1901 1058 1956 per
1075 1883 1220 1940 tabernas
1235 1881 1268 1935 de

210 1979 332 2048 avaritia
347 1983 538 2041 sacerdotum
546 2022 556 2051 ,
574 1983 838 2052 detractionesque
851 1982 980 2036 clavium
995 1980 1175 2050 summique
1190 1975 1269 2032 Pon.

209 2072 314 2154 tiliois,
341 2085 376 2128 ut
402 2077 487 2130 testis
515 2089 561 2132 est
583 2093 647 2131 vox
667 2079 761 2132 totius
782 2076 876 2144 hujus.
892 2085 991 2131 terra.
1026 2072 1097 2142 Ego
1118 2087 1193 2130 sane
1215 2068 1268 2136 (ut

210 2165 330 2230 fateor)
359 2183 413 2237 pro
439 2169 504 2224 zelo
529 2169 665 2238 Christi,
690 2171 778 2225 sicuti
803 2171 876 2224 mihi
901 2168 1041 2232 videbar,
1076 2175 1148 2234 aut,
1183 2165 1214 2222 si
1231 2165 1268 2218 ita

32 2256 37 2270 '
127 2275 136 2292 ⁸
208 2259 327 2330 placet,
352 2277 408 2332 pro
427 2263 552 2330 juvenili
579 2263 681 2316 calore
705 2265 837 2332 urebar,
861 2281 919 2318 nec
943 2274 1041 2318 tamen
1069 2277 1175 2318 meum
1205 2275 1268 2316 esse

209 2353 367 2416 videbam,
392 2357 474 2411 iniis
493 2338 654 2427 quicquain
673 2347 806 2412 statuere
823 2369 874 2411 aut
894 2357 1006 2412 facere.

266 2449 410 2532 [Proinde
437 2451 540 2507 monui
564 2451 703 2522 privatim
727 2451 842 2522 aliquot
867 2459 1019 2518 magnates
1038 2450 1266 2507 Ecclesiarum:

208 2541 261 2596 hic
280 2541 316 2596 ab
333 2543 396 2598 aliis
410 2543 607 2615 acceptabas,
626 2545 690 2599 aliis
708 2545 866 2600 ridiculum
881 2541 933 2616 ³),
953 2545 1016 2600 aliis
1037 2545 1115 2604 aliud
1134 2545 1269 2601 videbar:
1334 2533 1335 2564 ³

192 2637 386 2704 ,praevalebat
405 2638 485 2692 enim
505 2640 636 2694 nominis
652 2642 695 2695 tui
714 2649 816 2695 terror
838 2651 868 2696 et
886 2655 1080 2695 censurarum
1094 2640 1268 2696 intentatio:

209 2732 331 2784 tandem
360 2749 429 2788 cuin
451 2728 527 2788 nihil'
546 2751 668 2806 possent
690 2735 787 2798 aliud,
816 2737 914 2790 visum
935 2744 1003 2804 est,
1029 2737 1134 2792 saltem
1160 2733 1271 2790 lenius.

210 2823 277 2876 cale
299 2825 333 2887 b)
354 2826 410 2882 illis
430 2830 588 2899 reluctari,
613 2830 644 2886 id
666 2838 729 2899 est,
756 2847 863 2886 eorum
882 2831 1021 2900 dogmata
1043 2830 1071 2884 in
1093 2829 1222 2885 dubium
1242 2834 1271 2881 et
1334 2815 1335 2822 ἵ

211 2907 444 2986 disputationem
462 2939 586 2980 vocare.
614 2925 719 2996 Itaque
734 2925 910 2980 schedulam
929 2923 1161 2999 disputatoriam
1181 2922 1272 2989 edidi,

210 3009 338 3066 invitans
361 3027 476 3086 tantum
496 3017 668 3085 doctiores,
695 3019 719 3072 si
741 3022 798 3088 qui·
811 3017 922 3073 vellent
943 3036 1063 3076 mecum
1082 3018 1272 3086 disceptare,

210 3104 287 3158 sicut
309 3109 500 3164 manifestum
530 3127 596 3167 esse
624 3113 714 3185 etiam
737 3111 915 3168 adversariis
941 3121 1079 3183 oportet,
1102 3124 1143 3164 ex
1165 3109 1273 3179 praalo-
1334 3105 1335 3116 ¹

212 3195 298 3250 tiocia
318 3203 452 3269 ejusdem
473 3207 708 3276 disceptationis.
748 3189 751 3194 ’

278 3291 379 3362 Ecce,
409 3295 470 3358 hoc
493 3311 537 3352 est
563 3298 751 3369 incendium,
772 3317 833 3372 quo
847 3307 951 3356 totum
973 3283 1117 3354 mundum
1139 3315 1270 3368 querun-

210 3392 262 3440 tur
274 3389 475 3458 conflagrari,
497 3391 597 3463 lorte,
616 3396 698 3464 quod
714 3395 901 3463 indignantur
918 3411 966 3449 me
981 3407 1088 3459 uniam,
1108 3395 1270 3453 autoritate

211 3487 261 3531 tua
282 3485 447 3550 apostolica
468 3485 650 3554 Magistrum
668 3487 868 3557 Theologiaa,
884 3489 934 3559 jas
953 3469 1087 3558 habais,
1104 3490 1134 3543 in
1151 3488 1272 3559 publica

163 3575 171 3582 ‘
211 3573 316 3626 schola
335 3576 503 3648 disputandi
526 3599 583 3660 pro
602 3599 690 3638 more
713 3565 1099 3654 omniuinUniversitatum
1121 3593 1152 3638 et
1173 3583 1268 3638 totius

117 3714 123 3724 ,
211 3661 380 3753 Ecclesiaer
416 3689 476 3727 non
511 3679 605 3734 modo
643 3678 680 3764 de
713 3662 928 3748 indulgentiis,
965 3693 1073 3734 rerum
1106 3679 1196 3734 etiam
1232 3675 1267 3731 dr
1334 3713 1335 3726 ,

219 3787 737 3825 Ἣ
800 3773 807 3791 a

266 3884 298 3923 a)
328 3880 459 3936 Aiitogr.
482 3885 610 3936 ridiculus.

200 3987 204 4002 ,
248 3949 300 4038 {gl
327 3959 355 4034 A?
378 3959 541 4030 leviusculef·
