2766 4550
463 279 498 293 ”
561 301 664 392 'ests
928 383 931 390 .
998 303 1001 310 ’
1105 308 1163 394 st'

89 493 94 501 “
153 477 208 536 De
229 476 321 535 tertia
338 475 552 548 conclusione,
573 493 664 551 quarn
680 495 745 534 nnn
768 480 866 552 capis,
886 491 920 539 ut
939 483 1031 553 dieis,
1051 495 1147 542 esest
1211 515 1213 522 ,

81 571 232 643 Magistri
249 571 467 628 flarmotornnt
486 571 701 643 intelligentiae
730 575 811 646 quod
830 573 983 646 charites,
1011 596 1074 649 quse
1092 595 1146 635 ex.

85 677 192 741 gemat
214 666 400 734 (secundant
416 667 490 722 istos
507 665 721 737 theologistas)
738 679 906 724 extremam
922 676 1146 745 nenessitatem,
1223 655 1226 660 ¹
1306 677 1316 690 ”

86 773 134 820 est
151 763 252 831 inere,
271 762 335 816 imo
353 759 551 830 inertissima,
565 747 600 816 id
619 771 683 830 est,
702 763 781 818 nulla
803 781 940 836 prorsus.
969 765 1046 821 Cum
1067 773 1146 824 enim

85 858 242 922 charitas,
271 855 320 912 aui
340 855 451 922 oblita,
476 865 606 926 quaerat,
635 873 700 928 quae
727 867 798 914 sunt
821 859 965 916 aliorum:
991 865 1147 933 qnnmntlo

86 945 237 1024 eupsetet
252 959 423 1007 extremam
440 949 670 1018 nenessitatem,
696 946 934 1018 catn'hotnints,
953 971 1011 1010 nee
1037 957 1149 1014 bellua.

56 1095 60 1103 .
89 1061 163 1101 turn
191 1061 252 1100 neo
278 1057 424 1100 moram
450 1053 558 1100 tratura
585 1055 777 1118 expectatur.
811 1049 935 1104 Scilicet
961 1049 1147 1110 subtilissimi

94 1139 235 1208 theologi
252 1139 326 1197 illud
341 1135 506 1195 Jnltannis:
534 1139 564 1194 si
579 1139 649 1212 nteit
666 1141 776 1197 viderit
786 1139 926 1214 fratrem
945 1129 1157 1203 sunm'necesa'

89 1236 218 1292 mam
232 1229 369 1302 habere,
392 1216 561 1304 intelligunt
581 1239 619 1294 tle
642 1243 778 1291 extrema
800 1239 998 1308 necessitate,
1027 1249 1065 1295 ut*
1084 1251 1149 1298 tum

92 1331 225 1404 primurn
246 1343 360 1402 prensa
379 1329 565 1399 mortaliter,
584 1332 609 1388 si
628 1331 782 1388 morituro
799 1347 838 1386 ex
855 1333 933 1387 lame
951 1349 1012 1388 non
1031 1335 1151 1392 dederis

92 1422 213 1479 eibum:
243 1439 317 1478 nunt
333 1422 387 1477 ille
403 1422 466 1478 bne
481 1423 633 1493 uoluerit,
661 1425 686 1481 si
706 1426 773 1498 qnis
791 1425 901 1482 viderit
917 1427 1042 1482 fratrem
1060 1439 1150 1484 enum

93 1519 196 1590 aliquo
217 1533 293 1590 epus
305 1515 441 1586 hebere,
462 1517 654 1590 attt'nlinans
676 1519 826 1591 indigere,
846 1537 907 1593 qno
925 1515 1153 1578 mndo'Dotni.
1248 1541 1266 1566 *-

95 1627 156 1668 nus
177 1627 251 1686 opus
268 1611 377 1667 habuit
392 1611 481 1667 atino
498 1619 528 1667 et
544 1611 645 1684 pullo,
665 1621 695 1670 et
711 1631 772 1687 qun
786 1615 880 1671 motio
897 1615 927 1671 in
945 1615 1074 1674 Actibus
1091 1617 1153 1674 tlis.

95 1705 288 1762 tribuebatur
302 1705 487 1777 unicuique,
504 1705 584 1762 aient
602 1723 679 1780 opus
698 1717 773 1764 erat.
1134 1723 1136 1731 ’

166 1799 282 1856 Contra
302 1789 391 1856 istam
411 1815 483 1868 ergo
502 1799 652 1857 inlidelem
667 1803 892 1874 intelligentiam
911 1811 942 1860 et
964 1812 1061 1862 totam
1078 1804 1152 1862 oba.
1190 1827 1212 1864 μ

38 1951 39 1956 ,
95 1897 217 1956 ritatem
229 1893 460 1970 extinguentetn
474 1893 554 1950 dixit
569 1897 781 1952 inertissimam
797 1897 986 1953 charitatem.
1004 1897 1054 1952 Eat
1068 1899 1151 1954 trullo

97 1990 305 2046 doctoreeata
323 1989 515 2064 accepimus,
532 1990 654 2048 nisiillo
672 1991 724 2062 qui
742 1975 831 2046 ntcltt
848 2004 1030 2064 quaeautque
1045 1989 1150 2056 muts,
1210 2010 1232 2022 ··
1325 2057 1329 2070 ‘

97 2093 131 2141 ut
145 2083 281 2156 saciant
304 2082 384 2142 nobis
410 2070 560 2154 nominee,
590 2091 620 2140 et
641 2099 693 2140 vos
709 2083 812 2150 socies
834 2081 909 2164 illm.
946 2083 1003 2138 Sed
1022 2095 1080 2138 neo
1094 2083 1154 2140 illie
1201 2095 1205 2107 ¹

99 2181 231 2236 dubium
249 2165 316 2236 erse
337 2189 424 2252 puto,
451 2181 535 2254 quod
558 2179 584 2236 ri
601 2178 720 2234 sitirent
734 2177 826 2234 marn
846 2193 907 2232 non
928 2177 964 2236 ad
981 2187 1154 2239 extremum

15 2283 17 2304 ¹
103 2274 295 2344 anhelitum,
319 2273 408 2330 velint
425 2285 527 2332 tamen
544 2271 582 2330 ab
600 2271 663 2328 aliis
677 2271 798 2345 potari,
826 2280 857 2326 et
875 2271 938 2330 laedi
957 2271 1133 2328 chubatstn
1143 2309 1153 2344 ‚

104 2367 133 2426 ai
152 2383 217 2424 nnn
238 2378 392 2440 potentur:
421 2385 453 2426 se
474 2383 575 2426 tamen
590 2384 651 2426 non
668 2367 775 2422 laedere
794 2363 990 2436 charitatem,
1015 2366 1075 2425 elai
1089 2383 1155 2442 prae

102 2461 156 2517 siti
179 2461 309 2534 alioquin
327 2464 477 2520 morituro
495 2465 700 2534 porrexerint.
737 2462 867 2538 Quando
885 2479 961 2530 erga
978 2460 1035 2518 erit
1056 2447 1156 2527 chari,

101 2556 172 2612 tatis
198 2555 351 2614 officium?
385 2557 463 2632 Quis
491 2557 632 2628 dictabit,
662 2557 779 2629 quando
808 2557 883 2612 adsit
909 2573 943 2612 ea
970 2555 1155 2612 nenessitas?

99 2647 172 2706 llaee
184 2661 256 2707 aunt
274 2663 437 2723 portenta,
454 2667 519 2726 qun
538 2651 702 2710 movebant
715 2649 764 2706 M.
778 2649 1053 2730 Bartholnmnum‚
1072 2644 1154 2724 qttntl
1190 2715 1196 2742 ἢ

102 2757 143 2800 ex
154 2746 290 2806 metalla
305 2747 450 2802 audierat.
480 2746 629 2816 Magister
644 2743 794 2800 Amsdorf
811 2743 972 2799 confltetur
986 2759 1019 2796 ee
1039 2741 1155 2795 misisse

100 2839 188 2894 istam
212 2840 400 2912 positionem
426 2841 462 2896 ad
484 2855 540 2896 vos
560 2839 692 2913 praecisis
712 2837 822 2906 titulis,
853 2847 884 2890 et
900 2833 1066 2892 mirabatur
1092 2835 1176 2905 ipsa⁴

101 2947 243 3005 qunque:
276 2933 331 2989 sed
353 2949 433 2990 auno
450 2936 578 2990 nonita.

166 3024 242 3082 Non
260 3037 326 3083 erat
340 3043 417 3099 opus
432 3030 613 3099 questione,
631 3045 667 3084 an
684 3029 793 3084 iratres
806 3025 913 3082 novitii
925 3025 954 3080 in
969 3021 1037 3078 albo
1049 3021 1157 3076 habitu

103 3119 184 3176 lotas
201 3121 428 3178 ministrarent:
447 3123 471 3188 si
485 3123 563 3178 enim
577 3124 656 3178 intus
668 3123 850 3190 ministrant,
869 3135 924 3173 cur
936 3135 996 3172 non
1012 3127 1042 3172 et
1060 3117 1157 3173 soris?

103 3217 150 3269 An
166 3227 299 3288 propter
315 3217 460 3289 populum
486 3225 693 3290 assumserunt
707 3224 737 3270 et
757 3215 859 3270 lerunt
876 3213 1033 3269 habitum?
1063 3211 1159 3278 Igitur
1218 3267 1225 3276 ,

104 3325 227 3381 qnoque
252 3309 369 3365 linitum
386 3321 434 3366 est
460 3293 509 3366 eis¹
528 3313 573 3367 ire
595 3310 795 3366 etunirersis
822 3307 966 3366 fratribus
993 3305 1158 3362 secundum

105 3409 233 3474 statuta,
252 3405 358 3476 ntique
380 3421 452 3460 oum
469 3405 606 3461 vestibus
626 3405 688 3460 suis
706 3404 823 3461 licitum
842 3415 896 3460 est.
932 3401 1112 3478 Quanquam
1129 3399 1158 3453 in

104 3493 191 3550 ltalia
208 3498 290 3572 (pro
306 3515 365 3570 qua
380 3499 539 3571 provincia
551 3500 614 3556 bno
626 3507 773 3555 statutum
789 3499 982 3572 potissimum
997 3503 1043 3552 est
1055 3496 1160 3562 latam,

105 3599 161 3646 aut
184 3593 289 3648 saltem
318 3595 486 3663 creditum,
516 3610 622 3651 omnes
645 3593 716 3649 alias
743 3591 881 3649 similiter
906 3591 1015 3660 agere)
1040 3603 1161 3662 semper
1183 3667 1186 3676 .

105 3686 199 3744 nina
218 3687 300 3744 intua
317 3689 349 3744 in
366 3691 487 3748 aenne
502 3691 591 3760 nigro
606 3691 763 3746 incedunt:
784 3696 819 3742 at
839 3686 884 3744 sin
899 3685 1162 3759 ntiqnemseren.

105 3781 147 3836 tia
166 3767 315 3838 sitinter
338 3784 473 3843 novitios
495 3793 528 3839 et
551 3785 719 3858 prosterne.
751 3780 803 3848 ,sie
821 3781 924 3854 sapio,
952 3781 1037 3838 salvo
1061 3789 1161 3848 tamen

15 3945 16 3954 ἵ
104 3877 273 3948 superioris
290 3877 422 3948 judicio.

174 3969 203 4026 Si
227 3973 422 4045 responderit
447 3971 501 4029 tibi
515 3973 558 4035 R.
574 3973 668 4030 Pater
688 3973 845 4035 vicarius,
871 3972 1049 4046 quantocius
1065 3975 1095 4022 et
1112 3981 1172 4034 me,

102 4065 274 4124 ‘certiorem
291 4067 391 4126 effice:
418 4067 532 4128 tenebo
551 4067 603 4126 laia
618 4069 694 4126 ister
718 4069 828 4126 iratres
845 4067 882 4124 ati
901 4066 1015 4138 aliquot
1030 4061 1112 4130 dies,
1129 4065 1164 4112 nt
