<?xml version="1.0" encoding="UTF-8"?>
<!DOCTYPE html PUBLIC "-//W3C//DTD XHTML 1.0 Transitional//EN"
    "http://www.w3.org/TR/xhtml1/DTD/xhtml1-transitional.dtd">
<html xmlns="http://www.w3.org/1999/xhtml" xml:lang="en" lang="en">
 <head>
  <title>
</title>
<meta http-equiv="Content-Type" content="text/html;charset=utf-8" />
  <meta name='ocr-system' content='tesseract 3.04.00' />
  <meta name='ocr-capabilities' content='ocr_page ocr_carea ocr_par ocr_line ocrx_word'/>
</head>
<body>
  <div class='ocr_page' id='page_1' title='image "./briefesendschre07luthgoog/briefesendschre07luthgoog_0186.png"; bbox 0 0 2760 4556; ppageno 0'>
   <div class='ocr_carea' id='block_1_1' title="bbox 589 207 1178 308">
    <p class='ocr_par' dir='ltr' id='par_1_1' title="bbox 589 207 1178 334">
     <span class='ocr_line' id='line_1_1' title="bbox 589 207 1178 308; baseline 0.01 -6"><span class='ocrx_word' id='word_1_1' title='bbox 589 241 678 306; x_wconf 80' lang='grc'><strong>1511.</strong></span> <span class='ocrx_word' id='word_1_2' title='bbox 979 207 985 214; x_wconf 75' lang='grc'><strong>’</strong></span> <span class='ocrx_word' id='word_1_3' title='bbox 1096 231 1178 308; x_wconf 72' lang='lat' dir='ltr'><strong>aar·</strong></span> 
     </span>
    </p>
   </div>
   <div class='ocr_carea' id='block_1_2' title="bbox 25 363 1156 662">
    <p class='ocr_par' dir='ltr' id='par_1_2' title="bbox 25 363 1156 662">
     <span class='ocr_line' id='line_1_2' title="bbox 25 363 1154 470; baseline 0 -16"><span class='ocrx_word' id='word_1_4' title='bbox 25 371 27 406; x_wconf 76' lang='lat'><strong>;</strong></span> <span class='ocrx_word' id='word_1_5' title='bbox 100 363 225 458; x_wconf 83' lang='lat' dir='ltr'><strong>videtur</strong></span> <span class='ocrx_word' id='word_1_6' title='bbox 246 397 276 455; x_wconf 86' lang='lat' dir='ltr'><strong>id</strong></span> <span class='ocrx_word' id='word_1_7' title='bbox 290 392 368 468; x_wconf 79' lang='lat' dir='ltr'><strong>juris</strong></span> <span class='ocrx_word' id='word_1_8' title='bbox 393 393 518 465; x_wconf 80' lang='lat' dir='ltr'><strong>dogma,</strong></span> <span class='ocrx_word' id='word_1_9' title='bbox 546 397 644 468; x_wconf 84' lang='lat' dir='ltr'><strong>legem</strong></span> <span class='ocrx_word' id='word_1_10' title='bbox 667 404 740 452; x_wconf 89' lang='lat' dir='ltr'><strong>tunc</strong></span> <span class='ocrx_word' id='word_1_11' title='bbox 768 395 900 466; x_wconf 78' lang='lat' dir='ltr'><strong>firmari,</strong></span> <span class='ocrx_word' id='word_1_12' title='bbox 922 398 1041 470; x_wconf 87' lang='lat' dir='ltr'><strong>quando</strong></span> <span class='ocrx_word' id='word_1_13' title='bbox 1067 407 1154 456; x_wconf 88' lang='lat' dir='ltr'><strong>uten.</strong></span> 
     </span>
     <span class='ocr_line' id='line_1_3' title="bbox 99 489 552 563; baseline -0.004 -15"><span class='ocrx_word' id='word_1_14' title='bbox 99 494 177 548; x_wconf 81' lang='lat' dir='ltr'><strong>tium</strong></span> <span class='ocrx_word' id='word_1_15' title='bbox 198 491 337 550; x_wconf 82' lang='lat' dir='ltr'><strong>moribus</strong></span> <span class='ocrx_word' id='word_1_16' title='bbox 355 489 552 563; x_wconf 81' lang='lat' dir='ltr'>approbatur.</span> 
     </span>
     <span class='ocr_line' id='line_1_4' title="bbox 175 584 1156 662; baseline -0.002 -18"><span class='ocrx_word' id='word_1_17' title='bbox 175 585 349 656; x_wconf 79' lang='lat' dir='ltr'><strong>Praeterea,</strong></span> <span class='ocrx_word' id='word_1_18' title='bbox 377 602 467 658; x_wconf 83' lang='lat' dir='ltr'><strong>quam</strong></span> <span class='ocrx_word' id='word_1_19' title='bbox 483 586 581 642; x_wconf 76' lang='lat' dir='ltr'><strong>multra</strong></span> <span class='ocrx_word' id='word_1_20' title='bbox 601 584 768 642; x_wconf 80' lang='lat' dir='ltr'><strong>decretales</strong></span> <span class='ocrx_word' id='word_1_21' title='bbox 786 584 911 660; x_wconf 31' lang='lat' dir='ltr'><strong>priores·</strong></span> <span class='ocrx_word' id='word_1_22' title='bbox 922 593 1069 662; x_wconf 84' lang='lat' dir='ltr'><strong>correctae</strong></span> <span class='ocrx_word' id='word_1_23' title='bbox 1084 593 1156 642; x_wconf 86' lang='lat' dir='ltr'><strong>eunt</strong></span> 
     </span>
    </p>
   </div>
   <div class='ocr_carea' id='block_1_3' title="bbox 97 675 1245 752">
    <p class='ocr_par' dir='ltr' id='par_1_3' title="bbox 97 675 1245 752">
     <span class='ocr_line' id='line_1_5' title="bbox 97 675 1245 752; baseline 0.001 -18"><span class='ocrx_word' id='word_1_24' title='bbox 97 697 154 752; x_wconf 90' lang='lat' dir='ltr'><strong>per</strong></span> <span class='ocrx_word' id='word_1_25' title='bbox 185 681 385 751; x_wconf 80' lang='lat' dir='ltr'><strong>posteriores.</strong></span> <span class='ocrx_word' id='word_1_26' title='bbox 426 679 499 736; x_wconf 89' lang='lat' dir='ltr'><strong>Ideo</strong></span> <span class='ocrx_word' id='word_1_27' title='bbox 518 675 553 748; x_wconf 81' lang='lat'><strong>²)</strong></span> <span class='ocrx_word' id='word_1_28' title='bbox 581 687 612 736; x_wconf 85' lang='lat' dir='ltr'><strong>et</strong></span> <span class='ocrx_word' id='word_1_29' title='bbox 631 677 817 734; x_wconf 81' lang='lat' dir='ltr'><strong>banc-sorte</strong></span> <span class='ocrx_word' id='word_1_30' title='bbox 846 695 902 751; x_wconf 91' lang='lat' dir='ltr'><strong>pro</strong></span> <span class='ocrx_word' id='word_1_31' title='bbox 919 691 1153 751; x_wconf 68' lang='lat' dir='ltr'><strong>‘tempore&#39;suo</strong></span> <span class='ocrx_word' id='word_1_32' title='bbox 1241 701 1245 714; x_wconf 69' lang='lat'><strong>⁴</strong></span> 
     </span>
    </p>
   </div>
   <div class='ocr_carea' id='block_1_4' title="bbox 99 771 1230 938">
    <p class='ocr_par' dir='ltr' id='par_1_4' title="bbox 99 771 1230 938">
     <span class='ocr_line' id='line_1_6' title="bbox 100 771 1230 846; baseline 0.003 -18"><span class='ocrx_word' id='word_1_33' title='bbox 100 772 216 843; x_wconf 76' lang='lat' dir='ltr'>corrigi</span> <span class='ocrx_word' id='word_1_34' title='bbox 241 789 354 846; x_wconf 79' lang='lat' dir='ltr'><strong>posse.</strong></span> <span class='ocrx_word' id='word_1_35' title='bbox 392 773 625 829; x_wconf 85' lang='lat' dir='ltr'><strong>Panormitanus</strong></span> <span class='ocrx_word' id='word_1_36' title='bbox 651 788 771 844; x_wconf 89' lang='lat' dir='ltr'><strong>quoque</strong></span> <span class='ocrx_word' id='word_1_37' title='bbox 807 771 859 828; x_wconf 87' lang='lat' dir='ltr'><strong>lib.</strong></span> <span class='ocrx_word' id='word_1_38' title='bbox 882 771 909 827; x_wconf 89' lang='lat'><strong>1.</strong></span> <span class='ocrx_word' id='word_1_39' title='bbox 936 773 973 828; x_wconf 91' lang='lat' dir='ltr'><strong>de</strong></span> <span class='ocrx_word' id='word_1_40' title='bbox 999 773 1088 830; x_wconf 85' lang='lat' dir='ltr'>elect.</span> <span class='ocrx_word' id='word_1_41' title='bbox 1117 775 1151 830; x_wconf 87' lang='lat' dir='ltr'><strong>C.</strong></span> <span class='ocrx_word' id='word_1_42' title='bbox 1224 795 1230 810; x_wconf 90' lang='lat'><strong>·</strong></span> 
     </span>
     <span class='ocr_line' id='line_1_7' title="bbox 99 863 1154 938; baseline -0.001 -14"><span class='ocrx_word' id='word_1_43' title='bbox 99 867 297 938; x_wconf 79' lang='lat' dir='ltr'><strong>significasti,</strong></span> <span class='ocrx_word' id='word_1_44' title='bbox 326 867 476 930; x_wconf 75' lang='lat' dir='ltr'><strong>ostendit,</strong></span> <span class='ocrx_word' id='word_1_45' title='bbox 506 868 538 922; x_wconf 84' lang='lat' dir='ltr'><strong>ia</strong></span> <span class='ocrx_word' id='word_1_46' title='bbox 557 867 682 930; x_wconf 84' lang='lat' dir='ltr'><strong>materia</strong></span> <span class='ocrx_word' id='word_1_47' title='bbox 702 865 789 934; x_wconf 86' lang='lat' dir='ltr'><strong>fidei,</strong></span> <span class='ocrx_word' id='word_1_48' title='bbox 815 882 876 922; x_wconf 88' lang='lat' dir='ltr'><strong>nou</strong></span> <span class='ocrx_word' id='word_1_49' title='bbox 897 863 990 922; x_wconf 88' lang='lat' dir='ltr'><strong>modo</strong></span> <span class='ocrx_word' id='word_1_50' title='bbox 1014 868 1154 936; x_wconf 77' lang='lat' dir='ltr'><strong>generale</strong></span> 
     </span>
    </p>
   </div>
   <div class='ocr_carea' id='block_1_5' title="bbox 66 959 1250 1034">
    <p class='ocr_par' dir='ltr' id='par_1_5' title="bbox 66 959 1250 1034">
     <span class='ocr_line' id='line_1_8' title="bbox 66 959 1250 1034; baseline 0.002 -19"><span class='ocrx_word' id='word_1_51' title='bbox 66 1015 68 1026; x_wconf 81' lang='grc'>,</span> <span class='ocrx_word' id='word_1_52' title='bbox 97 961 267 1017; x_wconf 84' lang='lat' dir='ltr'><strong>concilium</strong></span> <span class='ocrx_word' id='word_1_53' title='bbox 288 977 354 1018; x_wconf 86' lang='lat' dir='ltr'><strong>esse</strong></span> <span class='ocrx_word' id='word_1_54' title='bbox 381 976 470 1034; x_wconf 84' lang='lat' dir='ltr'><strong>super</strong></span> <span class='ocrx_word' id='word_1_55' title='bbox 488 959 617 1032; x_wconf 82' lang='lat' dir='ltr'><strong>Papam,</strong></span> <span class='ocrx_word' id='word_1_56' title='bbox 644 960 696 1016; x_wconf 86' lang='lat' dir='ltr'><strong>sed</strong></span> <span class='ocrx_word' id='word_1_57' title='bbox 721 960 809 1014; x_wconf 88' lang='lat' dir='ltr'><strong>etiam</strong></span> <span class='ocrx_word' id='word_1_58' title='bbox 828 959 993 1032; x_wconf 75' lang='lat' dir='ltr'><strong>quemlibet</strong></span> <span class='ocrx_word' id='word_1_59' title='bbox 1014 961 1149 1026; x_wconf 85' lang='lat' dir='ltr'><strong>fidelem,</strong></span> <span class='ocrx_word' id='word_1_60' title='bbox 1248 960 1250 969; x_wconf 81' lang='grc'><em>’</em></span> 
     </span>
    </p>
   </div>
   <div class='ocr_carea' id='block_1_6' title="bbox 99 1047 1168 1127">
    <p class='ocr_par' dir='ltr' id='par_1_6' title="bbox 99 1047 1168 1127">
     <span class='ocr_line' id='line_1_9' title="bbox 99 1047 1168 1127; baseline 0.001 -17"><span class='ocrx_word' id='word_1_61' title='bbox 99 1055 124 1110; x_wconf 87' lang='lat' dir='ltr'><strong>si</strong></span> <span class='ocrx_word' id='word_1_62' title='bbox 144 1054 325 1110; x_wconf 86' lang='lat' dir='ltr'><strong>melioribus</strong></span> <span class='ocrx_word' id='word_1_63' title='bbox 339 1055 451 1110; x_wconf 78' lang='lat' dir='ltr'><strong>nitatur</strong></span> <span class='ocrx_word' id='word_1_64' title='bbox 470 1053 629 1109; x_wconf 82' lang='lat' dir='ltr'><strong>autoritate</strong></span> <span class='ocrx_word' id='word_1_65' title='bbox 650 1061 679 1108; x_wconf 92' lang='lat' dir='ltr'><strong>et</strong></span> <span class='ocrx_word' id='word_1_66' title='bbox 701 1053 838 1122; x_wconf 81' lang='lat' dir='ltr'><strong>ratione,</strong></span> <span class='ocrx_word' id='word_1_67' title='bbox 857 1069 947 1127; x_wconf 85' lang='lat' dir='ltr'><strong>quam</strong></span> <span class='ocrx_word' id='word_1_68' title='bbox 961 1047 1055 1126; x_wconf 66' lang='lat' dir='ltr'><strong>Papa,</strong></span> <span class='ocrx_word' id='word_1_69' title='bbox 1072 1047 1168 1110; x_wconf 86' lang='lat' dir='ltr'><strong>sicut&#39;</strong></span> 
     </span>
    </p>
   </div>
   <div class='ocr_carea' id='block_1_7' title="bbox 98 1145 1243 1229">
    <p class='ocr_par' dir='ltr' id='par_1_7' title="bbox 98 1145 1243 1229">
     <span class='ocr_line' id='line_1_10' title="bbox 98 1145 1243 1229; baseline -0.003 -23"><span class='ocrx_word' id='word_1_70' title='bbox 98 1147 197 1206; x_wconf 85' lang='lat' dir='ltr'><strong>Petro</strong></span> <span class='ocrx_word' id='word_1_71' title='bbox 216 1145 329 1226; x_wconf 74' lang='lat' dir='ltr'><strong>Paulus</strong></span> <span class='ocrx_word' id='word_1_72' title='bbox 347 1147 505 1204; x_wconf 75' lang='grc'><strong>6111111.</strong></span> <span class='ocrx_word' id='word_1_73' title='bbox 526 1145 618 1220; x_wconf 81' lang='lat' dir='ltr'><strong>Quod</strong></span> <span class='ocrx_word' id='word_1_74' title='bbox 640 1157 670 1202; x_wconf 90' lang='lat' dir='ltr'><strong>et</strong></span> <span class='ocrx_word' id='word_1_75' title='bbox 689 1147 740 1202; x_wconf 90' lang='lat' dir='ltr'><strong>illo</strong></span> <span class='ocrx_word' id='word_1_76' title='bbox 772 1153 796 1202; x_wconf 90' lang='lat' dir='ltr'><strong>t.</strong></span> <span class='ocrx_word' id='word_1_77' title='bbox 812 1147 952 1204; x_wconf 86' lang='lat' dir='ltr'><strong>Corinth.</strong></span> <span class='ocrx_word' id='word_1_78' title='bbox 970 1147 1051 1204; x_wconf 85' lang='lat' dir='ltr'><strong>XIV.</strong></span> <span class='ocrx_word' id='word_1_79' title='bbox 1075 1166 1149 1204; x_wconf 89' lang='lat' dir='ltr'><strong>con.</strong></span> <span class='ocrx_word' id='word_1_80' title='bbox 1238 1208 1243 1229; x_wconf 36' lang='grc' dir='ltr'><strong>ι</strong></span> 
     </span>
    </p>
   </div>
   <div class='ocr_carea' id='block_1_8' title="bbox 97 1239 1225 2550">
    <p class='ocr_par' dir='ltr' id='par_1_8' title="bbox 98 1239 1150 1598">
     <span class='ocr_line' id='line_1_11' title="bbox 100 1239 1150 1318; baseline 0.004 -22"><span class='ocrx_word' id='word_1_81' title='bbox 100 1240 260 1297; x_wconf 79' lang='lat' dir='ltr'><strong>firmatur:</strong></span> <span class='ocrx_word' id='word_1_82' title='bbox 290 1239 319 1296; x_wconf 84' lang='lat' dir='ltr'><strong>si</strong></span> <span class='ocrx_word' id='word_1_83' title='bbox 340 1239 445 1310; x_wconf 74' lang='lat' dir='ltr'><strong>suerit</strong></span> <span class='ocrx_word' id='word_1_84' title='bbox 470 1239 563 1295; x_wconf 85' lang='lat' dir='ltr'><strong>alteri</strong></span> <span class='ocrx_word' id='word_1_85' title='bbox 583 1239 699 1296; x_wconf 77' lang='lat' dir='ltr'><strong>sedenti</strong></span> <span class='ocrx_word' id='word_1_86' title='bbox 721 1258 773 1318; x_wconf 63' lang='lat' dir='ltr'><strong>eeu</strong></span> <span class='ocrx_word' id='word_1_87' title='bbox 791 1239 906 1310; x_wconf 75' lang='lat' dir='ltr'><strong>latmo,</strong></span> <span class='ocrx_word' id='word_1_88' title='bbox 932 1242 1024 1314; x_wconf 80' lang='lat' dir='ltr'><strong>prior·</strong></span> <span class='ocrx_word' id='word_1_89' title='bbox 1040 1249 1150 1300; x_wconf 82' lang='grc'><strong>1011111.</strong></span> 
     </span>
     <span class='ocr_line' id='line_1_12' title="bbox 98 1333 1146 1404; baseline 0.002 -16"><span class='ocrx_word' id='word_1_90' title='bbox 98 1334 173 1394; x_wconf 86' lang='lat' dir='ltr'><strong>Ideo</strong></span> <span class='ocrx_word' id='word_1_91' title='bbox 190 1335 237 1392; x_wconf 89' lang='lat' dir='ltr'><strong>eic</strong></span> <span class='ocrx_word' id='word_1_92' title='bbox 253 1352 363 1391; x_wconf 85' lang='lat' dir='ltr'><strong>vocem</strong></span> <span class='ocrx_word' id='word_1_93' title='bbox 378 1335 464 1392; x_wconf 82' lang='lat' dir='ltr'><strong>Petri</strong></span> <span class='ocrx_word' id='word_1_94' title='bbox 484 1351 550 1392; x_wconf 84' lang='lat' dir='ltr'><strong>esse</strong></span> <span class='ocrx_word' id='word_1_95' title='bbox 569 1335 760 1404; x_wconf 86' lang='lat' dir='ltr'><strong>audiendam,</strong></span> <span class='ocrx_word' id='word_1_96' title='bbox 790 1346 825 1391; x_wconf 87' lang='lat' dir='ltr'><strong>ut</strong></span> <span class='ocrx_word' id='word_1_97' title='bbox 843 1344 942 1391; x_wconf 84' lang='lat' dir='ltr'><strong>tamen</strong></span> <span class='ocrx_word' id='word_1_98' title='bbox 964 1333 1088 1392; x_wconf 83' lang='lat' dir='ltr'><strong>liberior</strong></span> <span class='ocrx_word' id='word_1_99' title='bbox 1111 1335 1146 1392; x_wconf 90' lang='lat' dir='ltr'><strong>eit</strong></span> 
     </span>
     <span class='ocr_line' id='line_1_13' title="bbox 98 1427 1147 1502; baseline 0.004 -22"><span class='ocrx_word' id='word_1_100' title='bbox 98 1444 163 1484; x_wconf 82' lang='lat' dir='ltr'><strong>vox</strong></span> <span class='ocrx_word' id='word_1_101' title='bbox 183 1427 272 1486; x_wconf 85' lang='lat' dir='ltr'><strong>Pauli</strong></span> <span class='ocrx_word' id='word_1_102' title='bbox 291 1443 360 1484; x_wconf 84' lang='lat' dir='ltr'><strong>eum</strong></span> <span class='ocrx_word' id='word_1_103' title='bbox 385 1429 611 1500; x_wconf 81' lang='lat' dir='ltr'><strong>redarguentis:</strong></span> <span class='ocrx_word' id='word_1_104' title='bbox 640 1445 735 1501; x_wconf 90' lang='lat' dir='ltr'><strong>porro</strong></span> <span class='ocrx_word' id='word_1_105' title='bbox 762 1429 895 1484; x_wconf 88' lang='lat' dir='ltr'><strong>omnium</strong></span> <span class='ocrx_word' id='word_1_106' title='bbox 921 1431 1059 1502; x_wconf 83' lang='lat' dir='ltr'><strong>superior</strong></span> <span class='ocrx_word' id='word_1_107' title='bbox 1085 1445 1147 1486; x_wconf 87' lang='lat' dir='ltr'><strong>vox</strong></span> 
     </span>
     <span class='ocr_line' id='line_1_14' title="bbox 104 1509 835 1598; baseline 0.01 -24"><span class='ocrx_word' id='word_1_108' title='bbox 104 1521 231 1581; x_wconf 82' lang='lat' dir='ltr'><strong>Christi·</strong></span> <span class='ocrx_word' id='word_1_109' title='bbox 389 1585 393 1592; x_wconf 66' lang='grc'>,</span> <span class='ocrx_word' id='word_1_110' title='bbox 722 1591 724 1598; x_wconf 15' lang='grc' dir='ltr'><em>γ</em></span> <span class='ocrx_word' id='word_1_111' title='bbox 833 1509 835 1521; x_wconf 63' lang='lat'><strong>.</strong></span> 
     </span>
    </p>

    <p class='ocr_par' dir='ltr' id='par_1_9' title="bbox 97 1613 1225 2550">
     <span class='ocr_line' id='line_1_15' title="bbox 166 1613 1172 1694; baseline 0.001 -23"><span class='ocrx_word' id='word_1_112' title='bbox 166 1615 308 1672; x_wconf 83' lang='lat' dir='ltr'><strong>Maxime</strong></span> <span class='ocrx_word' id='word_1_113' title='bbox 324 1632 399 1672; x_wconf 85' lang='lat' dir='ltr'><strong>vero</strong></span> <span class='ocrx_word' id='word_1_114' title='bbox 422 1613 615 1679; x_wconf 88' lang='lat' dir='ltr'><strong>laborabam,</strong></span> <span class='ocrx_word' id='word_1_115' title='bbox 633 1619 715 1690; x_wconf 89' lang='lat' dir='ltr'><strong>quod</strong></span> <span class='ocrx_word' id='word_1_116' title='bbox 734 1619 837 1676; x_wconf 86' lang='lat' dir='ltr'><strong>eadem</strong></span> <span class='ocrx_word' id='word_1_117' title='bbox 857 1617 1064 1690; x_wconf 81' lang='lat' dir='ltr'><strong>Extraragans</strong></span> <span class='ocrx_word' id='word_1_118' title='bbox 1087 1634 1172 1694; x_wconf 51' lang='lat' dir='ltr'><strong>nra.x</strong></span> 
     </span>
     <span class='ocr_line' id='line_1_16' title="bbox 99 1709 1147 1784; baseline 0.006 -22"><span class='ocrx_word' id='word_1_119' title='bbox 99 1709 293 1768; x_wconf 82' lang='lat' dir='ltr'><strong>nifeetiesime</strong></span> <span class='ocrx_word' id='word_1_120' title='bbox 310 1709 566 1784; x_wconf 79' lang='lat' dir='ltr'><strong>mihiapparebat</strong></span> <span class='ocrx_word' id='word_1_121' title='bbox 583 1711 657 1768; x_wconf 79' lang='lat' dir='ltr'><strong>salse</strong></span> <span class='ocrx_word' id='word_1_122' title='bbox 676 1712 810 1784; x_wconf 81' lang='lat' dir='ltr'><strong>quaedam</strong></span> <span class='ocrx_word' id='word_1_123' title='bbox 829 1712 994 1769; x_wconf 85' lang='lat' dir='ltr'><strong>continere.</strong></span> <span class='ocrx_word' id='word_1_124' title='bbox 1029 1711 1147 1782; x_wconf 89' lang='lat' dir='ltr'><strong>Primo,</strong></span> 
     </span>
     <span class='ocr_line' id='line_1_17' title="bbox 99 1790 1148 1874; baseline 0.002 -18"><span class='ocrx_word' id='word_1_125' title='bbox 99 1805 180 1874; x_wconf 88' lang='lat' dir='ltr'><strong>qnod</strong></span> <span class='ocrx_word' id='word_1_126' title='bbox 207 1804 299 1872; x_wconf 88' lang='lat' dir='ltr'><strong>dicit,</strong></span> <span class='ocrx_word' id='word_1_127' title='bbox 324 1805 430 1860; x_wconf 87' lang='lat' dir='ltr'><strong>merita</strong></span> <span class='ocrx_word' id='word_1_128' title='bbox 459 1790 634 1862; x_wconf 83' lang='lat' dir='ltr'><strong>sanctorum</strong></span> <span class='ocrx_word' id='word_1_129' title='bbox 665 1821 731 1860; x_wconf 83' lang='lat' dir='ltr'><strong>esse</strong></span> <span class='ocrx_word' id='word_1_130' title='bbox 756 1805 953 1874; x_wconf 87' lang='lat' dir='ltr'><strong>thesaurum,</strong></span> <span class='ocrx_word' id='word_1_131' title='bbox 984 1819 1053 1859; x_wconf 86' lang='lat' dir='ltr'><strong>eum</strong></span> <span class='ocrx_word' id='word_1_132' title='bbox 1085 1813 1148 1860; x_wconf 88' lang='lat' dir='ltr'><strong>tota</strong></span> 
     </span>
     <span class='ocr_line' id='line_1_18' title="bbox 97 1896 1148 1978; baseline 0.001 -28"><span class='ocrx_word' id='word_1_133' title='bbox 97 1896 247 1967; x_wconf 76' lang='lat' dir='ltr'><strong>Scriptura</strong></span> <span class='ocrx_word' id='word_1_134' title='bbox 270 1899 371 1968; x_wconf 85' lang='lat' dir='ltr'><strong>dicat,</strong></span> <span class='ocrx_word' id='word_1_135' title='bbox 389 1898 492 1978; x_wconf 86' lang='lat' dir='ltr'><strong>Deum</strong></span> <span class='ocrx_word' id='word_1_136' title='bbox 510 1900 588 1954; x_wconf 89' lang='lat' dir='ltr'><strong>ultra</strong></span> <span class='ocrx_word' id='word_1_137' title='bbox 606 1897 789 1965; x_wconf 85' lang='lat' dir='ltr'><strong>condignum</strong></span> <span class='ocrx_word' id='word_1_138' title='bbox 806 1897 978 1968; x_wconf 75' lang='lat' dir='ltr'><strong>praemiare,</strong></span> <span class='ocrx_word' id='word_1_139' title='bbox 1001 1907 1035 1952; x_wconf 89' lang='lat' dir='ltr'><strong>ut</strong></span> <span class='ocrx_word' id='word_1_140' title='bbox 1056 1896 1148 1954; x_wconf 80' lang='lat' dir='ltr'><strong>Rom.</strong></span> 
     </span>
     <span class='ocr_line' id='line_1_19' title="bbox 99 1987 1149 2066; baseline 0 -21"><span class='ocrx_word' id='word_1_141' title='bbox 99 1989 199 2050; x_wconf 83' lang='lat' dir='ltr'><strong>v111.:</strong></span> <span class='ocrx_word' id='word_1_142' title='bbox 225 2007 288 2048; x_wconf 82' lang='lat' dir='ltr'><strong>non</strong></span> <span class='ocrx_word' id='word_1_143' title='bbox 305 1999 391 2054; x_wconf 76' lang='lat' dir='ltr'><strong>soret.</strong></span> <span class='ocrx_word' id='word_1_144' title='bbox 402 1993 557 2066; x_wconf 75' lang='lat' dir='ltr'><strong>condique</strong></span> <span class='ocrx_word' id='word_1_145' title='bbox 577 1990 739 2061; x_wconf 85' lang='lat' dir='ltr'><strong>passiones</strong></span> <span class='ocrx_word' id='word_1_146' title='bbox 758 1987 852 2060; x_wconf 78' lang='lat' dir='ltr'><strong>bajus</strong></span> <span class='ocrx_word' id='word_1_147' title='bbox 867 1991 1013 2056; x_wconf 81' lang='lat' dir='ltr'><strong>temporis</strong></span> <span class='ocrx_word' id='word_1_148' title='bbox 1037 1995 1091 2044; x_wconf 86' lang='lat' dir='ltr'><strong>etc.</strong></span> <span class='ocrx_word' id='word_1_149' title='bbox 1119 1997 1149 2046; x_wconf 88' lang='lat' dir='ltr'><strong>et</strong></span> 
     </span>
     <span class='ocr_line' id='line_1_20' title="bbox 97 2082 1225 2156; baseline -0.004 -16"><span class='ocrx_word' id='word_1_150' title='bbox 97 2082 134 2138; x_wconf 87' lang='lat' dir='ltr'><strong>B.</strong></span> <span class='ocrx_word' id='word_1_151' title='bbox 161 2086 345 2156; x_wconf 71' lang='lat' dir='ltr'><strong>Augustinus</strong></span> <span class='ocrx_word' id='word_1_152' title='bbox 373 2085 425 2142; x_wconf 90' lang='lat' dir='ltr'><strong>lib.</strong></span> <span class='ocrx_word' id='word_1_153' title='bbox 445 2087 470 2144; x_wconf 93' lang='grc' dir='ltr'><strong>Ι.</strong></span> <span class='ocrx_word' id='word_1_154' title='bbox 489 2096 613 2142; x_wconf 84' lang='lat' dir='ltr'><strong>retract.</strong></span> <span class='ocrx_word' id='word_1_155' title='bbox 637 2099 720 2140; x_wconf 75' lang='lat' dir='ltr'><strong>xlx:</strong></span> <span class='ocrx_word' id='word_1_156' title='bbox 751 2083 814 2140; x_wconf 85' lang='lat' dir='ltr'><strong>tole</strong></span> <span class='ocrx_word' id='word_1_157' title='bbox 839 2083 977 2139; x_wconf 80' lang='lat' dir='ltr'><strong>Ecclesia</strong></span> <span class='ocrx_word' id='word_1_158' title='bbox 1000 2083 1150 2154; x_wconf 84' lang='lat' dir='ltr'><strong>usquein</strong></span> <span class='ocrx_word' id='word_1_159' title='bbox 1222 2122 1225 2130; x_wconf 87' lang='lat'><strong>.</strong></span> 
     </span>
     <span class='ocr_line' id='line_1_21' title="bbox 97 2175 1149 2250; baseline -0.002 -18"><span class='ocrx_word' id='word_1_160' title='bbox 97 2175 186 2234; x_wconf 85' lang='lat' dir='ltr'><strong>finem</strong></span> <span class='ocrx_word' id='word_1_161' title='bbox 205 2179 306 2236; x_wconf 86' lang='lat' dir='ltr'><strong>muudi</strong></span> <span class='ocrx_word' id='word_1_162' title='bbox 328 2189 417 2250; x_wconf 85' lang='lat' dir='ltr'><strong>orat,</strong></span> <span class='ocrx_word' id='word_1_163' title='bbox 443 2179 560 2238; x_wconf 88' lang='lat' dir='ltr'><strong>dimitte</strong></span> <span class='ocrx_word' id='word_1_164' title='bbox 583 2177 672 2235; x_wconf 87' lang='lat' dir='ltr'><strong>nobis</strong></span> <span class='ocrx_word' id='word_1_165' title='bbox 697 2177 798 2240; x_wconf 89' lang='lat' dir='ltr'><strong>debita</strong></span> <span class='ocrx_word' id='word_1_166' title='bbox 820 2188 934 2233; x_wconf 83' lang='lat' dir='ltr'><strong>nostra.</strong></span> <span class='ocrx_word' id='word_1_167' title='bbox 981 2176 1065 2246; x_wconf 81' lang='lat' dir='ltr'><strong>Ergo</strong></span> <span class='ocrx_word' id='word_1_168' title='bbox 1087 2192 1149 2230; x_wconf 87' lang='lat' dir='ltr'><strong>nen</strong></span> 
     </span>
     <span class='ocr_line' id='line_1_22' title="bbox 98 2269 1150 2346; baseline -0.006 -19"><span class='ocrx_word' id='word_1_169' title='bbox 98 2272 281 2344; x_wconf 88' lang='lat' dir='ltr'><strong>superlluere</strong></span> <span class='ocrx_word' id='word_1_170' title='bbox 298 2273 359 2330; x_wconf 89' lang='lat' dir='ltr'><strong>aliis</strong></span> <span class='ocrx_word' id='word_1_171' title='bbox 378 2287 488 2346; x_wconf 86' lang='lat' dir='ltr'><strong>posse,</strong></span> <span class='ocrx_word' id='word_1_172' title='bbox 507 2271 578 2346; x_wconf 81' lang='lat' dir='ltr'><strong>&#39;quae</strong></span> <span class='ocrx_word' id='word_1_173' title='bbox 598 2290 655 2328; x_wconf 90' lang='lat' dir='ltr'><strong>nec</strong></span> <span class='ocrx_word' id='word_1_174' title='bbox 675 2271 732 2328; x_wconf 86' lang='lat' dir='ltr'><strong>eibi</strong></span> <span class='ocrx_word' id='word_1_175' title='bbox 754 2271 942 2342; x_wconf 81' lang='lat' dir='ltr'><strong>sufficerent:</strong></span> <span class='ocrx_word' id='word_1_176' title='bbox 968 2270 1037 2326; x_wconf 89' lang='lat' dir='ltr'><strong>inde</strong></span> <span class='ocrx_word' id='word_1_177' title='bbox 1059 2269 1150 2339; x_wconf 82' lang='lat' dir='ltr'><strong>virgi.</strong></span> 
     </span>
     <span class='ocr_line' id='line_1_23' title="bbox 98 2364 1148 2438; baseline 0.002 -20"><span class='ocrx_word' id='word_1_178' title='bbox 98 2381 153 2420; x_wconf 89' lang='lat' dir='ltr'><strong>nes</strong></span> <span class='ocrx_word' id='word_1_179' title='bbox 176 2368 320 2437; x_wconf 82' lang='lat' dir='ltr'><strong>sapientes</strong></span> <span class='ocrx_word' id='word_1_180' title='bbox 348 2369 512 2424; x_wconf 88' lang='lat' dir='ltr'><strong>noluerunt</strong></span> <span class='ocrx_word' id='word_1_181' title='bbox 541 2368 642 2424; x_wconf 88' lang='lat' dir='ltr'><strong>oleum</strong></span> <span class='ocrx_word' id='word_1_182' title='bbox 673 2368 898 2424; x_wconf 86' lang='lat' dir='ltr'><strong>communicare</strong></span> <span class='ocrx_word' id='word_1_183' title='bbox 927 2364 1148 2438; x_wconf 86' lang='lat' dir='ltr'><strong>insipientibus.</strong></span> 
     </span>
     <span class='ocr_line' id='line_1_24' title="bbox 97 2457 1147 2550; baseline 0 -38"><span class='ocrx_word' id='word_1_184' title='bbox 97 2457 137 2512; x_wconf 84' lang='lat' dir='ltr'><strong>Et</strong></span> <span class='ocrx_word' id='word_1_185' title='bbox 153 2458 189 2514; x_wconf 89' lang='lat' dir='ltr'><strong>B.</strong></span> <span class='ocrx_word' id='word_1_186' title='bbox 207 2460 392 2531; x_wconf 62' lang='lat' dir='ltr'><strong>Augustinus</strong></span> <span class='ocrx_word' id='word_1_187' title='bbox 408 2462 461 2518; x_wconf 88' lang='lat' dir='ltr'><strong>lib.</strong></span> <span class='ocrx_word' id='word_1_188' title='bbox 475 2463 529 2520; x_wconf 81' lang='lat' dir='ltr'><strong>lx.</strong></span> <span class='ocrx_word' id='word_1_189' title='bbox 550 2463 793 2550; x_wconf 65' lang='lat' dir='ltr'><strong>confessionum:</strong></span> <span class='ocrx_word' id='word_1_190' title='bbox 820 2480 864 2519; x_wconf 81' lang='lat' dir='ltr'><strong>vae</strong></span> <span class='ocrx_word' id='word_1_191' title='bbox 882 2461 1041 2516; x_wconf 86' lang='lat' dir='ltr'><strong>hominum</strong></span> <span class='ocrx_word' id='word_1_192' title='bbox 1060 2459 1147 2528; x_wconf 86' lang='lat' dir='ltr'><strong>vitae,</strong></span> 
     </span>
    </p>
   </div>
   <div class='ocr_carea' id='block_1_9' title="bbox 97 2549 1262 2633">
    <p class='ocr_par' dir='ltr' id='par_1_10' title="bbox 97 2549 1262 2633">
     <span class='ocr_line' id='line_1_25' title="bbox 97 2549 1262 2633; baseline -0.003 -27"><span class='ocrx_word' id='word_1_193' title='bbox 97 2561 359 2624; x_wconf 84' lang='lat' dir='ltr'><strong>quantumcunque</strong></span> <span class='ocrx_word' id='word_1_194' title='bbox 379 2554 541 2624; x_wconf 86' lang='lat' dir='ltr'><strong>laudabili,</strong></span> <span class='ocrx_word' id='word_1_195' title='bbox 567 2556 593 2610; x_wconf 89' lang='lat' dir='ltr'><strong>si</strong></span> <span class='ocrx_word' id='word_1_196' title='bbox 610 2570 727 2633; x_wconf 82' lang='lat' dir='ltr'><strong>remota</strong></span> <span class='ocrx_word' id='word_1_197' title='bbox 748 2555 956 2612; x_wconf 85' lang='lat' dir='ltr'><strong>misericordia</strong></span> <span class='ocrx_word' id='word_1_198' title='bbox 970 2555 1125 2624; x_wconf 88' lang='lat' dir='ltr'><strong>judicetur</strong></span> <span class='ocrx_word' id='word_1_199' title='bbox 1138 2569 1153 2628; x_wconf 79' lang='lat'><strong>:¹</strong></span> <span class='ocrx_word' id='word_1_200' title='bbox 1253 2549 1262 2560; x_wconf 87' lang='lat'><em>&#39;</em></span> 
     </span>
    </p>
   </div>
   <div class='ocr_carea' id='block_1_10' title="bbox 89 2645 1260 3760">
    <p class='ocr_par' dir='ltr' id='par_1_11' title="bbox 89 2645 1209 3004">
     <span class='ocr_line' id='line_1_26' title="bbox 94 2645 1148 2723; baseline -0.007 -19"><span class='ocrx_word' id='word_1_201' title='bbox 94 2655 126 2701; x_wconf 85' lang='lat' dir='ltr'><strong>et</strong></span> <span class='ocrx_word' id='word_1_202' title='bbox 138 2646 300 2720; x_wconf 81' lang='lat' dir='ltr'><strong>propheta:</strong></span> <span class='ocrx_word' id='word_1_203' title='bbox 318 2664 381 2704; x_wconf 82' lang='lat' dir='ltr'><strong>non</strong></span> <span class='ocrx_word' id='word_1_204' title='bbox 394 2649 491 2704; x_wconf 85' lang='lat' dir='ltr'><strong>intres</strong></span> <span class='ocrx_word' id='word_1_205' title='bbox 507 2649 700 2723; x_wconf 74' lang='lat' dir='ltr'><strong>irajradiciam</strong></span> <span class='ocrx_word' id='word_1_206' title='bbox 720 2666 787 2705; x_wconf 83' lang='lat' dir='ltr'><strong>cum</strong></span> <span class='ocrx_word' id='word_1_207' title='bbox 805 2666 894 2706; x_wconf 81' lang='lat' dir='ltr'><strong>seruo</strong></span> <span class='ocrx_word' id='word_1_208' title='bbox 909 2656 982 2716; x_wconf 84' lang='lat' dir='ltr'><strong>tao,</strong></span> <span class='ocrx_word' id='word_1_209' title='bbox 1000 2645 1073 2719; x_wconf 76' lang='lat' dir='ltr'><strong>qrtia</strong></span> <span class='ocrx_word' id='word_1_210' title='bbox 1085 2659 1148 2698; x_wconf 82' lang='lat' dir='ltr'><strong>non</strong></span> 
     </span>
     <span class='ocr_line' id='line_1_27' title="bbox 89 2738 1147 2814; baseline -0.017 -7"><span class='ocrx_word' id='word_1_211' title='bbox 89 2738 309 2810; x_wconf 59' lang='lat' dir='ltr'><strong>jotapatam</strong></span> <span class='ocrx_word' id='word_1_212' title='bbox 323 2741 356 2798; x_wconf 82' lang='lat' dir='ltr'><strong>ira</strong></span> <span class='ocrx_word' id='word_1_213' title='bbox 373 2749 530 2813; x_wconf 81' lang='lat' dir='ltr'><strong>conspectu</strong></span> <span class='ocrx_word' id='word_1_214' title='bbox 543 2749 601 2800; x_wconf 84' lang='lat' dir='ltr'><strong>tuo·</strong></span> <span class='ocrx_word' id='word_1_215' title='bbox 612 2745 711 2800; x_wconf 73' lang='grc'><strong>0111111</strong></span> <span class='ocrx_word' id='word_1_216' title='bbox 730 2745 841 2814; x_wconf 68' lang='lat' dir='ltr'><strong>ricem.</strong></span> <span class='ocrx_word' id='word_1_217' title='bbox 877 2743 951 2796; x_wconf 87' lang='lat' dir='ltr'><strong>ldeo</strong></span> <span class='ocrx_word' id='word_1_218' title='bbox 972 2738 1068 2794; x_wconf 86' lang='lat' dir='ltr'><strong>saneti</strong></span> <span class='ocrx_word' id='word_1_219' title='bbox 1086 2753 1147 2790; x_wconf 89' lang='lat' dir='ltr'><strong>non</strong></span> 
     </span>
     <span class='ocr_line' id='line_1_28' title="bbox 96 2829 1209 2907; baseline -0.007 -18"><span class='ocrx_word' id='word_1_220' title='bbox 96 2836 154 2890; x_wconf 86' lang='lat' dir='ltr'><strong>suis</strong></span> <span class='ocrx_word' id='word_1_221' title='bbox 169 2835 304 2907; x_wconf 83' lang='lat' dir='ltr'><strong>meritis,</strong></span> <span class='ocrx_word' id='word_1_222' title='bbox 328 2837 382 2892; x_wconf 86' lang='lat' dir='ltr'><strong>sed</strong></span> <span class='ocrx_word' id='word_1_223' title='bbox 402 2837 467 2894; x_wconf 87' lang='lat' dir='ltr'><strong>sola</strong></span> <span class='ocrx_word' id='word_1_224' title='bbox 488 2837 550 2893; x_wconf 87' lang='lat' dir='ltr'><strong>Dei</strong></span> <span class='ocrx_word' id='word_1_225' title='bbox 569 2837 779 2894; x_wconf 83' lang='lat' dir='ltr'><strong>misericordia</strong></span> <span class='ocrx_word' id='word_1_226' title='bbox 796 2835 869 2891; x_wconf 83' lang='lat' dir='ltr'><strong>salvi</strong></span> <span class='ocrx_word' id='word_1_227' title='bbox 889 2833 981 2895; x_wconf 87' lang='lat' dir='ltr'><strong>liunt,</strong></span> <span class='ocrx_word' id='word_1_228' title='bbox 1003 2840 1037 2886; x_wconf 91' lang='grc'><strong>111</strong></span> <span class='ocrx_word' id='word_1_229' title='bbox 1057 2829 1147 2901; x_wconf 83' lang='lat' dir='ltr'><strong>latius</strong></span> <span class='ocrx_word' id='word_1_230' title='bbox 1206 2845 1209 2852; x_wconf 93' lang='lat'>·</span> 
     </span>
     <span class='ocr_line' id='line_1_29' title="bbox 98 2927 784 3004; baseline -0.004 -22"><span class='ocrx_word' id='word_1_231' title='bbox 98 2927 154 2984; x_wconf 82' lang='lat' dir='ltr'><strong>dixi</strong></span> <span class='ocrx_word' id='word_1_232' title='bbox 174 2929 205 2985; x_wconf 88' lang='lat' dir='ltr'><strong>in</strong></span> <span class='ocrx_word' id='word_1_233' title='bbox 222 2928 473 2986; x_wconf 80' lang='lat' dir='ltr'><strong>resolutionibus.</strong></span> <span class='ocrx_word' id='word_1_234' title='bbox 781 2997 784 3004; x_wconf 25' lang='grc' dir='ltr'><strong><em>Ι</em></strong></span> 
     </span>
    </p>

    <p class='ocr_par' dir='ltr' id='par_1_12' title="bbox 93 3017 1260 3760">
     <span class='ocr_line' id='line_1_30' title="bbox 156 3017 1203 3094; baseline -0.012 -13"><span class='ocrx_word' id='word_1_235' title='bbox 156 3022 225 3094; x_wconf 78' lang='lat' dir='ltr'><strong>Ego</strong></span> <span class='ocrx_word' id='word_1_236' title='bbox 249 3039 325 3078; x_wconf 83' lang='lat' dir='ltr'><strong>vero</strong></span> <span class='ocrx_word' id='word_1_237' title='bbox 352 3040 413 3080; x_wconf 89' lang='lat' dir='ltr'><strong>nou</strong></span> <span class='ocrx_word' id='word_1_238' title='bbox 441 3039 522 3080; x_wconf 88' lang='lat' dir='ltr'><strong>eram</strong></span> <span class='ocrx_word' id='word_1_239' title='bbox 546 3033 608 3080; x_wconf 87' lang='lat' dir='ltr'><strong>tam</strong></span> <span class='ocrx_word' id='word_1_240' title='bbox 628 3023 735 3094; x_wconf 83' lang='lat' dir='ltr'><strong>insigni</strong></span> <span class='ocrx_word' id='word_1_241' title='bbox 757 3022 944 3082; x_wconf 83' lang='lat' dir='ltr'><strong>temeritate,</strong></span> <span class='ocrx_word' id='word_1_242' title='bbox 965 3027 999 3073; x_wconf 88' lang='lat' dir='ltr'><strong>ut</strong></span> <span class='ocrx_word' id='word_1_243' title='bbox 1017 3023 1144 3090; x_wconf 86' lang='lat' dir='ltr'><strong>propter</strong></span> <span class='ocrx_word' id='word_1_244' title='bbox 1199 3017 1203 3042; x_wconf 81' lang='lat'><strong>¹</strong></span> 
     </span>
     <span class='ocr_line' id='line_1_31' title="bbox 95 3108 1147 3203; baseline -0.01 -30"><span class='ocrx_word' id='word_1_245' title='bbox 95 3132 179 3172; x_wconf 85' lang='lat' dir='ltr'><strong>uuam</strong></span> <span class='ocrx_word' id='word_1_246' title='bbox 197 3118 382 3203; x_wconf 71' lang='lat' dir='ltr'><strong>decretalem</strong></span> <span class='ocrx_word' id='word_1_247' title='bbox 402 3118 560 3176; x_wconf 84' lang='lat' dir='ltr'><strong>Pontificis</strong></span> <span class='ocrx_word' id='word_1_248' title='bbox 577 3119 729 3186; x_wconf 72' lang='lat' dir='ltr'><strong>hominis,</strong></span> <span class='ocrx_word' id='word_1_249' title='bbox 755 3126 820 3178; x_wconf 87' lang='lat' dir='ltr'><strong>tam</strong></span> <span class='ocrx_word' id='word_1_250' title='bbox 840 3114 1007 3182; x_wconf 81' lang='lat' dir='ltr'><strong>ambiguam</strong></span> <span class='ocrx_word' id='word_1_251' title='bbox 1029 3121 1060 3166; x_wconf 90' lang='lat' dir='ltr'><strong>et</strong></span> <span class='ocrx_word' id='word_1_252' title='bbox 1090 3108 1147 3165; x_wconf 92' lang='lat' dir='ltr'><strong>ob.</strong></span> 
     </span>
     <span class='ocr_line' id='line_1_32' title="bbox 95 3203 1148 3280; baseline -0.008 -16"><span class='ocrx_word' id='word_1_253' title='bbox 95 3224 230 3279; x_wconf 81' lang='lat' dir='ltr'><strong>scuram,</strong></span> <span class='ocrx_word' id='word_1_254' title='bbox 248 3211 427 3268; x_wconf 82' lang='lat' dir='ltr'><strong>recederem</strong></span> <span class='ocrx_word' id='word_1_255' title='bbox 446 3229 462 3277; x_wconf 74' lang='lat' dir='ltr'><strong>a</strong></span> <span class='ocrx_word' id='word_1_256' title='bbox 483 3221 530 3270; x_wconf 90' lang='lat' dir='ltr'><strong>tot</strong></span> <span class='ocrx_word' id='word_1_257' title='bbox 546 3222 577 3269; x_wconf 90' lang='lat' dir='ltr'><strong>et</strong></span> <span class='ocrx_word' id='word_1_258' title='bbox 592 3213 684 3269; x_wconf 84' lang='lat' dir='ltr'><strong>tantis</strong></span> <span class='ocrx_word' id='word_1_259' title='bbox 704 3211 812 3268; x_wconf 86' lang='lat' dir='ltr'><strong>divinis</strong></span> <span class='ocrx_word' id='word_1_260' title='bbox 829 3207 990 3280; x_wconf 73' lang='lat' dir='ltr'><strong>Scripturas</strong></span> <span class='ocrx_word' id='word_1_261' title='bbox 1009 3203 1148 3260; x_wconf 87' lang='lat' dir='ltr'><strong>testimo.</strong></span> 
     </span>
     <span class='ocr_line' id='line_1_33' title="bbox 94 3295 1145 3380; baseline -0.01 -20"><span class='ocrx_word' id='word_1_262' title='bbox 94 3303 144 3362; x_wconf 83' lang='lat' dir='ltr'><strong>uiis</strong></span> <span class='ocrx_word' id='word_1_263' title='bbox 171 3306 386 3378; x_wconf 86' lang='lat' dir='ltr'><strong>apertissimis:</strong></span> <span class='ocrx_word' id='word_1_264' title='bbox 417 3307 489 3380; x_wconf 88' lang='lat' dir='ltr'><strong>quin</strong></span> <span class='ocrx_word' id='word_1_265' title='bbox 514 3295 616 3380; x_wconf 85' lang='lat' dir='ltr'><strong>potius</strong></span> <span class='ocrx_word' id='word_1_266' title='bbox 641 3304 810 3370; x_wconf 81' lang='lat' dir='ltr'><strong>arbitrabar</strong></span> <span class='ocrx_word' id='word_1_267' title='bbox 837 3319 928 3376; x_wconf 87' lang='lat' dir='ltr'><strong>quam</strong></span> <span class='ocrx_word' id='word_1_268' title='bbox 955 3299 1145 3364; x_wconf 81' lang='lat' dir='ltr'><strong>rectissime,</strong></span> 
     </span>
     <span class='ocr_line' id='line_1_34' title="bbox 93 3393 1148 3473; baseline -0.009 -20"><span class='ocrx_word' id='word_1_269' title='bbox 93 3395 183 3455; x_wconf 84' lang='lat' dir='ltr'><strong>rerba</strong></span> <span class='ocrx_word' id='word_1_270' title='bbox 198 3398 383 3473; x_wconf 79' lang='lat' dir='ltr'><strong>Scripturas,</strong></span> <span class='ocrx_word' id='word_1_271' title='bbox 404 3400 514 3473; x_wconf 86' lang='lat' dir='ltr'><strong>quibus</strong></span> <span class='ocrx_word' id='word_1_272' title='bbox 532 3401 628 3457; x_wconf 86' lang='lat' dir='ltr'><strong>sancti</strong></span> <span class='ocrx_word' id='word_1_273' title='bbox 649 3399 862 3456; x_wconf 86' lang='lat' dir='ltr'><strong>describuntur</strong></span> <span class='ocrx_word' id='word_1_274' title='bbox 884 3393 1012 3451; x_wconf 86' lang='lat' dir='ltr'><strong>deficere</strong></span> <span class='ocrx_word' id='word_1_275' title='bbox 1030 3393 1061 3448; x_wconf 89' lang='lat' dir='ltr'><strong>in</strong></span> <span class='ocrx_word' id='word_1_276' title='bbox 1083 3405 1148 3444; x_wconf 79' lang='lat' dir='ltr'><strong>me·</strong></span> 
     </span>
     <span class='ocr_line' id='line_1_35' title="bbox 94 3484 1145 3570; baseline -0.014 -16"><span class='ocrx_word' id='word_1_277' title='bbox 94 3493 177 3562; x_wconf 78' lang='lat' dir='ltr'><strong>titis,</strong></span> <span class='ocrx_word' id='word_1_278' title='bbox 203 3493 478 3567; x_wconf 86' lang='lat' dir='ltr'><strong>incomparabiliter</strong></span> <span class='ocrx_word' id='word_1_279' title='bbox 505 3494 693 3570; x_wconf 76' lang='lat' dir='ltr'><strong>preferenda</strong></span> <span class='ocrx_word' id='word_1_280' title='bbox 719 3491 821 3549; x_wconf 86' lang='lat' dir='ltr'><strong>verbis</strong></span> <span class='ocrx_word' id='word_1_281' title='bbox 846 3491 1008 3556; x_wconf 84' lang='lat' dir='ltr'><strong>humanis,</strong></span> <span class='ocrx_word' id='word_1_282' title='bbox 1035 3484 1145 3562; x_wconf 80' lang='lat' dir='ltr'><strong>quibus</strong></span> 
     </span>
     <span class='ocr_line' id='line_1_36' title="bbox 95 3579 1142 3664; baseline -0.005 -24"><span class='ocrx_word' id='word_1_283' title='bbox 95 3587 267 3644; x_wconf 86' lang='lat' dir='ltr'><strong>scribuntur</strong></span> <span class='ocrx_word' id='word_1_284' title='bbox 292 3588 461 3646; x_wconf 84' lang='lat' dir='ltr'><strong>abundare:</strong></span> <span class='ocrx_word' id='word_1_285' title='bbox 493 3605 563 3646; x_wconf 90' lang='lat' dir='ltr'><strong>cum</strong></span> <span class='ocrx_word' id='word_1_286' title='bbox 580 3589 662 3664; x_wconf 88' lang='lat' dir='ltr'><strong>Papa</strong></span> <span class='ocrx_word' id='word_1_287' title='bbox 680 3605 741 3645; x_wconf 89' lang='lat' dir='ltr'><strong>non</strong></span> <span class='ocrx_word' id='word_1_288' title='bbox 760 3601 867 3658; x_wconf 86' lang='lat' dir='ltr'><strong>super,</strong></span> <span class='ocrx_word' id='word_1_289' title='bbox 891 3584 943 3639; x_wconf 86' lang='lat' dir='ltr'><strong>sed</strong></span> <span class='ocrx_word' id='word_1_290' title='bbox 966 3582 1023 3638; x_wconf 89' lang='lat' dir='ltr'><strong>sub</strong></span> <span class='ocrx_word' id='word_1_291' title='bbox 1045 3579 1142 3637; x_wconf 86' lang='lat' dir='ltr'><strong>verbo</strong></span> 
     </span>
     <span class='ocr_line' id='line_1_37' title="bbox 94 3672 1260 3760; baseline -0.012 -18"><span class='ocrx_word' id='word_1_292' title='bbox 94 3680 150 3742; x_wconf 91' lang='lat' dir='ltr'><strong>Dei</strong></span> <span class='ocrx_word' id='word_1_293' title='bbox 164 3683 223 3754; x_wconf 85' lang='lat' dir='ltr'><strong>sit,</strong></span> <span class='ocrx_word' id='word_1_294' title='bbox 235 3683 326 3756; x_wconf 82' lang='lat' dir='ltr'><strong>juxta</strong></span> <span class='ocrx_word' id='word_1_295' title='bbox 343 3679 416 3740; x_wconf 86' lang='lat' dir='ltr'><strong>illu&#39;d</strong></span> <span class='ocrx_word' id='word_1_296' title='bbox 436 3683 536 3744; x_wconf 84' lang='lat' dir='ltr'><strong>Galat.</strong></span> <span class='ocrx_word' id='word_1_297' title='bbox 552 3680 594 3743; x_wconf 83' lang='lat' dir='ltr'><strong>L:</strong></span> <span class='ocrx_word' id='word_1_298' title='bbox 611 3684 640 3742; x_wconf 85' lang='lat' dir='ltr'><strong>si</strong></span> <span class='ocrx_word' id='word_1_299' title='bbox 659 3680 799 3760; x_wconf 74' lang='lat' dir='ltr'><strong>Anqelae</strong></span> <span class='ocrx_word' id='word_1_300' title='bbox 817 3678 853 3734; x_wconf 83' lang='lat' dir='ltr'><strong>de</strong></span> <span class='ocrx_word' id='word_1_301' title='bbox 870 3675 945 3735; x_wconf 74' lang='lat' dir='ltr'><strong>celo</strong></span> <span class='ocrx_word' id='word_1_302' title='bbox 961 3675 1048 3736; x_wconf 81' lang='grc' dir='ltr'><strong>11ῑί1111</strong></span> <span class='ocrx_word' id='word_1_303' title='bbox 1062 3672 1143 3734; x_wconf 82' lang='lat' dir='ltr'><strong>vobis</strong></span> <span class='ocrx_word' id='word_1_304' title='bbox 1252 3694 1260 3714; x_wconf 87' lang='lat'><strong>.</strong></span> 
     </span>
    </p>
   </div>
   <div class='ocr_carea' id='block_1_11' title="bbox 99 3849 620 3880">
    <p class='ocr_par' dir='ltr' id='par_1_13' title="bbox 99 3849 620 3880">
     <span class='ocr_line' id='line_1_38' title="bbox 99 3849 620 3880; baseline -0.008 0"><span class='ocrx_word' id='word_1_305' title='bbox 99 3849 620 3880; x_wconf 53' lang='lat' dir='ltr'><em>w</em></span> 
     </span>
    </p>
   </div>
   <div class='ocr_carea' id='block_1_12' title="bbox 141 3945 481 4058">
    <p class='ocr_par' dir='ltr' id='par_1_14' title="bbox 141 3945 481 4058">
     <span class='ocr_line' id='line_1_39' title="bbox 141 3945 481 4058; baseline -0.006 -22"><span class='ocrx_word' id='word_1_306' title='bbox 141 3945 171 4037; x_wconf 43' lang='lat' dir='ltr'><strong>i)</strong></span> <span class='ocrx_word' id='word_1_307' title='bbox 199 3986 269 4039; x_wconf 87' lang='lat' dir='ltr'><strong>len.</strong></span> <span class='ocrx_word' id='word_1_308' title='bbox 285 3979 397 4046; x_wconf 72' lang='grc'><strong>1111111111.</strong></span> <span class='ocrx_word' id='word_1_309' title='bbox 476 4045 481 4058; x_wconf 34' lang='grc'>,</span> 
     </span>
    </p>
   </div>
   <div class='ocr_carea' id='block_1_13' title="bbox 0 0 1384 4556">
    <p class='ocr_par' dir='ltr' id='par_1_15' title="bbox 0 0 1384 4556">
     <span class='ocr_line' id='line_1_40' title="bbox 0 0 1384 4556; baseline 0 1"><span class='ocrx_word' id='word_1_310' title='bbox 0 0 1384 4556; x_wconf 95' lang='lat' dir='ltr'><strong> </strong></span> 
     </span>
    </p>
   </div>
  </div>
 </body>
</html>
