2714 4556
412 345 417 366 ,
515 337 522 350 ,
568 283 684 358 1517„
1030 301 1036 310 ·
1077 291 1130 385 ,69

79 445 209 502 salntem
229 451 284 499 aut
297 443 509 512 sanctitatem,
526 445 581 500 sed
600 443 807 508 tantummodo
823 458 943 516 poensm
960 453 1130 518 extentam,

79 541 150 596 olim
171 539 327 596 “conice
352 538 468 611 imponi
486 539 624 608 solitum,
644 538 789 594 auferant.
958 594 961 603 ,

88 629 91 640 ’
140 633 293 704 Denique
320 650 413 704 opera
442 633 561 706 pietatis
587 642 619 688 et
645 633 802 690 charitatis
829 634 954 690 suntin
988 635 1130 694 inlinitum

77 725 219 804 murore,
235 728 447 798 indulgentiis,
472 736 503 784 et
527 739 629 785 temen
651 727 717 784 haec
738 743 800 782 non
819 736 900 782 tanta
918 744 1048 800 pompa,
1074 747 1131 786 nec

77 831 162 877 tanto
180 823 291 878 nodio
307 821 486 896 predicant:
513 823 575 880 imo
594 831 719 898 propter
737 821 838 879 venies
860 823 1060 898 praedicandas
1083 823 1132 878 ille
1203 827 1209 834 “
1248 857 1251 866 ι

76 921 202 970 tacent:
232 931 306 970 cnm
335 925 434 972 tamen
459 917 593 974 omnium
615 915 839 987 Episcopomm
856 915 921 973 hoc
938 917 977 972 sit
1001 915 1133 973 officium

78 1009 209 1080 primum
237 1019 271 1065 et
297 1009 413 1078 solum,
434 1017 471 1064 nt
490 1009 833 1084 populnsEvangelium
857 1011 967 1077 discat,
992 1019 1082 1083 atque
1098 999 1132 1079 s)

81 1103 266 1160 charitatem
292 1103 417 1160 Christi.
462 1103 622 1176 Nusquam
647 1107 737 1160 etism
765 1106 907 1177 proecepit
920 1105 978 1172 ὅ),
991 1105 1136 1162 Christus
1213 1109 1217 1129 ¹

81 1196 282 1267 indulgentias
300 1199 463 1268 praedicuri,
485 1199 539 1254 aed
557 1197 753 1269 Evangeliurn
764 1189 974 1256 'uehementer
999 1201 1136 1272 praecipit

80 1291 249 1362 praedicari
263 1277 314 1358 ¹²).
351 1280 490 1364 Quantus
517 1309 590 1362 ergo
614 1294 729 1370 horror
754 1301 820 1360 est,
848 1303 991 1364 quantum
1015 1283 1147 1366 pericu-⁸
1200 1311 1205 1322 ·

82 1384 144 1448 lum
155 1384 324 1458 Episcopi,
342 1387 384 1454 si,
403 1387 495 1442 tacito
514 1387 698 1458 Evangelio,
721 1403 781 1442 non
798 1387 855 1444 nisi
872 1389 1025 1460 strepitus·
1037 1375 1134 1444 intlul.

81 1479 251 1546 gentianum
265 1481 421 1550 permittet
435 1482 465 1536 in
483 1483 626 1554 populum
643 1497 731 1538 sunm
751 1477 803 1550 i),
821 1489 854 1536 et
870 1481 926 1538 has
947 1482 1014 1554 plns
1030 1491 1132 1545 curet.

84 1588 176 1642 quarn
191 1572 411 1643 Evangelinm?
432 1574 542 1633 Nonne
562 1577 643 1632 dicet
662 1577 719 1633 illis
736 1573 894 1632 Chrlstus:
926 1573 1063 1632 colantes
1084 1593 1134 1633 eu.
1238 1607 1249 1615 -

84 1663 191 1735 hem,
208 1673 234 1722 et
250 1667 416 1744 quatientes
434 1669 581 1726 camelum
601 1675 615 1726 ι

134 1763 262 1820 Accedit
278 1765 314 1819 ad
327 1755 447 1832 hook),
465 1763 715 1821 reverendissime
730 1765 823 1822 Pater
840 1764 871 1820 in
881 1763 1031 1833 Domino,
1051 1765 1134 1837 quod
1204 1751 1207 1760 ¹

84 1862 114 1916 in
132 1860 332 1915 instructione
352 1859 402 1913 ille
423 1857 729 1928 commissariorum,
747 1859 804 1916 snb
820 1859 861 1914 T.
879 1857 918 1914 tt.
937 1859 1132 1916 Paternitatis

85 1954 206 2010 nornine
224 1954 323 2022 edite,
347 1951 458 2008 (licitur
479 1937 613 2026 (utique¹
625 1939 689 2010 sine
708 1953 750 2009 T.
767 1951 804 2014 P.
823 1953 1082 2008 reverendissimos
1102 1963 1133 2008 et

87 2049 209 2105 scientia
227 2059 259 2104 et
278 2045 452 2120 concensu)
469 2063 560 2108 unam
578 2046 788 2125 principalium
808 2045 970 2114 gratiarum
994 2047 1060 2102 ess'e
1080 2045 1134 2100 do.

89 2157 162 2198 num
185 2142 257 2197 illud
278 2141 337 2214 Dei
357 2141 580 2209 inaestimabile,
607 2157 668 2214 quo
687 2139 902 2206 reconcilietur
914 2137 1018 2212 'horno
1043 2137 1133 2194 Deo:
1174 2121 1196 2146 χ

92 2243 125 2289 et
147 2251 254 2291 omnes
273 2251 361 2308 poenae
386 2237 525 2292 delentur
539 2217 568 2306 ¹)
592 2224 775 2306 purgatoiii:
801 2235 891 2297 item,
913 2231 994 2303 quud
1015 2233 1137 2289 nonsit

96 2329 264 2384 necessaria
294 2331 428 2392 contritio
454 2331 490 2396 iis
507 2325 581 2406 ¹¹¹),
617 2317 667 2402 qui
690 2329 803 2386 animae
831 2328 880 2386 vel
904 2325 1135 2396 confessionalis

96 2423 252 2482 redimunt.
1033 2497 1036 2504 Ι

160 2515 216 2572 Sed
232 2518 300 2592 qnid
315 2517 441 2592 sedern,
459 2519 573 2592 optime
587 2517 702 2578 Procul
715 2527 746 2576 et
762 2517 964 2578 illustrissime
977 2517 1135 2590 Princeps,

90 2609 145 2666 nisi
162 2611 242 2680 quod
262 2627 316 2682 per
330 2611 500 2670 Dominum
517 2614 626 2672 Jesum
640 2611 794 2670 Christum
808 2613 850 2670 T.
864 2613 905 2678 R.
916 2611 1136 2670 Petemitatem

92 2719 192 2773 crem,
209 2714 355 2776 quatenos
378 2707 500 2764 oculum
517 2717 648 2782 paterne
663 2723 743 2764 curae
761 2707 899 2777 dignetur
916 2700 1136 2770 advertere,¹¹)

92 2809 120 2855 et
141 2801 267 2870 enniem
290 2799 428 2858 libellum
453 2798 571 2874 penitus
589 2803 717 2870 tollere,
735 2809 766 2856 et
784 2797 1033 2872 praedicatoribus
1054 2793 1139 2850 veni.
1184 2813 1191 2836 ·

90 2911 169 2950 arum
189 2896 347 2968 imponere
367 2895 453 2952 aliam
471 2897 649 2968 praedicandi
679 2896 831 2952 formam:
865 2909 904 2948 ne
928 2891 1009 2946 forte
1032 2887 1137 2961 aliquis

16 2991 17 2994 ’
89 2989 204 3043 tandem
222 2996 383 3058 exsurget,
403 2991 454 3063 qui
479 2990 567 3046 editis
583 2983 690 3046 libellis
711 2998 741 3045 et
764 2989 831 3044 illos
850 2995 881 3042 et
896 2985 1030 3042 libellum
1053 2983 1138 3038 illum

90 3083 243 3149 confutet,
263 3084 300 3138 ad
317 3083 501 3156 vituperium
520 3099 673 3140 summurn
688 3077 902 3160 illustrissimos
921 3090 977 3134 tun
998 3075 1139 3138 Sublimi.

89 3171 162 3232 tatls.
200 3175 297 3252 Quod
315 3191 372 3246 ego
397 3177 595 3234 vehementer
612 3178 734 3264 quidem
751 3176 817 3232 fieri
842 3173 1013 3242 abhorreo,
1037 3178 1069 3226 et
1094 3177 1139 3225 ta.
1211 3185 1216 3196 ·

87 3285 152 3326 men
172 3271 313 3326 futurum
330 3273 444 3342 timeo,
463 3271 520 3330 nisi
540 3275 603 3331 citu
626 3281 832 3329 succurratur.

149 3365 224 3422 llaec
245 3381 321 3434 mean
334 3367 491 3440 parvitatis
506 3367 603 3424 fidelia
621 3367 735 3436 officia,
753 3383 849 3436 rogo,
872 3373 924 3420 tun
938 3357 1140 3418 illustrissima

89 3459 190 3528 Gratia
215 3459 522 3536 dignetur-accipere
549 3461 642 3520 modo
658 3459 696 3548 ⁰)
723 3453 878 3536 principeli
902 3463 934 3513 et
957 3451 1137 3527 episcopali,

137 3712 164 3765 f)
198 3716 228 3762 ll.
251 3721 287 3760 et.
381 3717 385 3724 '
643 3715 671 3766 l)
700 3716 728 3762 Α.
747 3713 878 3760 deleantur.

138 3799 168 3852 gl
197 3797 228 3850 Δ.
246 3793 313 3840 eninr
331 3794 451 3856 preeiplt.
635 3799 674 3845 ιιι)
700 3794 728 3840 Δ.
748 3791 796 3837 his.

136 3875 170 3928 Ιι)
200 3875 330 3922 ι-ιιά
348 3885 394 3922 eto.
637 3876 669 3922 ι)
697 3872 725 3918 t.
741 3869 878 3916 admittere.

141 3951 171 4002 i)
202 3953 377 4020 lvi-spargi
644 3954 675 4002 ol
703 3947 839 3998 hanimo.

139 4031 176 4082 lt)
205 4032 236 4078 A.
254 4033 309 4080 hoe.
381 4082 386 4098 ,
