2756 4558
490 317 500 324 “
564 331 654 404 1519.
729 309 756 390 .“
825 391 831 396 .
895 330 958 370 -“
1040 277 1203 440 ἀμ·

65 495 128 554 *vel
159 493 223 553 hoc
253 495 375 554 nomine
387 533 398 562 ‚
428 480 510 566 quod
539 491 613 549 nulli
646 453 819 566 Christiano
842 511 903 564 nou
920 491 1042 584 *d'ebent
1056 495 1134 560 'esse
1189 467 1190 476 ἵ

77 591 341 661 molestissimum,
358 597 476 645 tentum
491 589 520 644 in
535 587 673 644 Ecclesia
686 587 800 644 Christi
816 593 1005 660 quorundum
1023 593 1134 653 sn'dere

76 689 312 760 impudentiam,
340 697 374 740 ut
395 681 452 740 sub
471 683 593 740 nomine
612 679 791 738 venerabilis
809 687 970 754 potestatis
988 687 1133 752 Ecclesiae

78 784 143 841 suis
161 781 251 838 foedis
275 778 488 852 cupiditatibus
508 785 688 850 presumant
705 792 893 839 successum,
929 781 970 837 Et
990 800 1052 854 quo
1066 788 1134 858 quis
1224 832 1225 840 ,

77 874 264 934 Pontificum
290 885 336 930 est
362 869 557 940 clementior,
583 871 709 940 melior,
724 865 902 944 eruditior,
928 893 966 932 eo
982 877 1032 935 isti
1051 879 1135 953 impii
1188 890 1196 898 '

78 973 265 1042 impostores
280 967 395 1038 an'ora
416 965 472 1022 sibi
491 965 674 1037 pollicentur
691 974 854 1038 portenta,
886 969 943 1034 sub
963 972 1027 1044 ejus
1044 973 1134 1032 titulo
1151 967 1159 988 '

78 1064 297 1138 promovenda.
331 1061 413 1119 Nam
437 1069 512 1133 quot
534 1060 700 1118 manifestis
723 1063 908 1134 mendaciis,
936 1067 965 1122 in
992 1067 1051 1124 hac
1076 1088 1133 1128 uua

79 1159 210 1215 levicula
239 1173 347 1226 causa,
376 1171 498 1214 sacrum
523 1153 644 1211 Leonis
658 1157 698 1212 X.
731 1173 864 1227 nomen,
894 1161 930 1216 ad
958 1164 1135 1222 terrendum

79 1264 174 1308 unum
196 1253 393 1308 fraterculum
414 1253 554 1323 dirasque
570 1265 639 1306 suus
658 1251 829 1323 tyrannides
843 1252 1047 1328 stabiliendas,
1064 1273 1136 1332 pro.

81 1349 224 1403 sanarunt
241 1346 570 1417 conspurcaruntquo?

149 1440 342 1516 Quamquam
370 1456 429 1498 nec
454 1438 519 1494 hoc
545 1439 620 1494 sdso
652 1439 764 1495 mirum
790 1450 859 1510 est,
894 1443 920 1500 si
945 1453 1041 1516 sunt,
1082 1447 1137 1518 qul

81 1551 192 1591 nomen
208 1536 317 1592 summi
333 1533 493 1592 Ponsilicis
509 1535 712 1606 prostituunt,
740 1545 775 1592 et
786 1537 817 1592 in
834 1552 943 1593 vanum
962 1552 1137 1614 assumunt:
1166 1611 1170 1614 ,

83 1630 223 1686 fecerunt
242 1631 322 1686 idem
344 1645 451 1686 eorum
473 1628 678 1693 Patrinrchne,
705 1630 770 1686 falsi
792 1629 972 1704 Prophetas,
997 1633 1136 1691 Pseudo.

83 1723 231 1796 apostoli,
256 1725 512 1791 Pseudochristi,
542 1725 592 1796 qni
613 1726 702 1780 etiam
722 1735 859 1782 sanctum
882 1743 991 1784 nomen
1006 1726 1037 1797 i>
1075 1720 1142 1786 Dei

84 1829 115 1874 st
138 1817 254 1878 Christi
278 1821 341 1876 suis
374 1817 678 1890 mendaciislservire
703 1826 882 1889 coegerunt.
926 1823 1033 1895 Itaque
1057 1824 1135 1879 mira

82 1914 143 1970 Dei
173 1915 344 1984 dignatione
379 1923 410 1970 et
446 1925 585 1970 servatus
623 1923 669 1968 est
699 1915 877 1986 purissimus
903 1915 1006 1972 honor
1043 1915 1136 1974 Rom.

82 2009 239 2079 Ecclesia,
263 2017 294 2064 et
320 2008 490 2064 reverentia
511 2005 620 2064 summi
638 2005 796 2064 Pontificis
817 2009 970 2064 custodita
992 2017 1048 2066 est.
1084 2009 1137 2082 Sy.

83 2105 242 2176 cophantis
267 2111 384 2160 tuntum
408 2103 488 2159 belle
516 2115 546 2158 ct
569 2101 699 2157 feliciter
723 2091 905 2158 contraitum
931 2113 997 2172 est,
1034 2105 1137 2162 utsii.

83 2186 204 2271 ‹puando
225 2199 398 2276 discerent,
416 2197 518 2254 Deum
539 2197 637 2252 adhuc
658 2197 762 2251 vivere
784 2205 814 2250 et
834 2213 977 2268 regnare,
998 2199 1048 2272 qui
1069 2199 1138 2256 illu.

84 2309 175 2350 sores
189 2292 316 2349 deludat.
350 2292 426 2361 Hic,
445 2293 585 2364 inquam,
605 2291 692 2348 Deus
711 2301 741 2346 st
757 2291 909 2348 Dominus
920 2303 1027 2351 noster
1043 2283 1137 2352 Jesu's

86 2387 251 2454 Christus,
275 2387 356 2458 cujus
377 2386 472 2442 solius
493 2395 564 2442 sunt
586 2385 685 2441 omnin
697 2426 707 2454 ,
731 2388 843 2460 quain
864 2400 915 2458 te,
934 2391 1136 2448 illustrissime

84 2482 254 2551 Princeps,
276 2483 472 2550 admiramur,
499 2481 604 2536 endem
624 2491 786 2550 agnoscat,
805 2495 910 2553 augeat
936 2497 966 2539 et
985 2503 1084 2541 server
1106 2487 1138 2542 in

85 2587 240 2631 eternum.
284 2575 332 2630 Sic
361 2576 531 2632 orationem
555 2573 614 2649 p'rot
638 2577 800 2646 gratiarum
830 2581 949 2635 actione
974 2580 1138 2654 persolvo,
1228 2585 1232 2590 '

86 2671 207 2744 quanto
225 2669 303 2726 aliud
321 2685 383 2725 non
404 2659 566 2742 possumi'

155 2763 286 2828 Proinde
304 2767 385 2838 quod
406 2765 463 2820 has
482 2780 566 2820 meas
590 2763 809 2838 operationes,
827 2765 930 2839 quales
955 2767 1058 2838 quales
1077 2767 1140 2822 sint

81 2856 297 2934 (operationes
320 2871 404 2916 certe
426 2869 512 2928 sunt,
539 2875 608 2914 nam
627 2862 890 2931 interpretationes
913 2872 961 2914 sut
982 2875 1140 2920 commen.
1184 2916 1189 2924 ,

83 2955 160 3012 teria
178 2971 239 3010 non
257 2939 404 3011 audebam
424 2956 543 3022 dicere,
562 2931 704 3010 consc'ius
719 2953 792 3022 mihi
808 2969 881 3009 mese
896 2955 1139 3026 suppellectilis),
1178 3025 1179 3028 Ἴ

85 3050 366 3106 illustrissimorum
386 3051 613 3107 Dominationis
627 3049 750 3104 nomine
764 3049 853 3104 edere
871 3049 1039 3117 voluerim,
1058 3051 1140 3104 nulla

86 3145 143 3200 luit
175 3153 280 3210 conss,
319 3162 409 3218 quam
434 3159 519 3200 meus
544 3161 639 3200 umor.
684 3143 881 3216 Gomperlum
915 3145 993 3199 enim
1021 3145 1140 3212 haben,

85 3255 175 3312 quam
193 3255 270 3311 pure
293 3250 323 3294 et
344 3251 425 3319 caste
447 3231 566 3296 deamtt
586 3255 642 3293 cor
664 3247 749 3292 tuum
773 3251 874 3294 sacres
895 3222 1016 3306 literas,
1034 3251 1066 3292 et
1084 3253 1140 3292 cor

17 3367 26 3376 ·
83 3349 187 3389 meum
216 3335 274 3400 (ut
299 3333 433 3390 Dsborae
456 3335 559 3390 verbis
583 3334 672 3402 utar)
698 3333 757 3390 hos
777 3331 935 3414 l’rincipes‘
952 3318 1064 3402 diligat.
1099 3331 1163 3398 Et,

85 3443 145 3494 cur
161 3445 224 3488 non
243 3431 386 3498 recitem,
410 3433 492 3502 quod
515 3431 567 3486 hic
590 3429 710 3498 cogito,
730 3433 842 3486 amoris
861 3429 921 3484 mei
940 3429 1031 3496 hujus
1052 3443 1142 3496 argu.

83 3534 243 3593 mentum,
265 3533 299 3578 ut
317 3525 436 3580 videant
459 3527 500 3594 ii,
525 3525 576 3595 qui
593 3539 748 3580 sacrarum
770 3523 924 3580 literarum
946 3523 1034 3576 titulo
1050 3520 1141 3591 jacti.

84 3625 204 3685 tantur,
224 3629 370 3690 qnantum
391 3611 483 3676 distet'
501 3617 661 3690 hypocrita
681 3634 697 3673 a
719 3633 794 3674 vero
809 3618 966 3688 theologo.

154 3711 273 3769 Retulit
294 3713 367 3768 olim
386 3715 516 3786 optimus
534 3723 565 3768 et
584 3729 656 3768 vere
670 3713 741 3768 mihi
761 3715 791 3768 in
812 3709 936 3768 Christo
953 3708 1138 3768 reverendus

82 3805 180 3870 Peter
200 3821 312 3878 meus,
335 3807 495 3865 «Iohannes
522 3808 687 3883 Stupitius,
711 3823 781 3864 cum
797 3809 875 3882 spud
889 3807 1138 3892 Dominationsm

138 4108 168 4162 i)
196 4109 226 4158 t·
239 4121 332 4192 ¹nottttn
345 4107 475 4159 ransitum.
