2716 4556
582 305 672 370 telo.
697 369 699 374 ,
807 349 811 353 -
1091 304 1157 375 407’

97 481 162 538 quo
182 464 282 521 minus
302 459 397 535 turpis
418 459 566 542 appareat.
608 465 688 520 Nem
710 479 765 532 ego
786 462 940 522 hominem
959 465 996 520 ils
1015 475 1153 522 contem.

56 575 60 580 ·
94 576 173 616 nere
198 561 295 632 coepi,
320 570 353 615 ut
378 561 492 614 nullum
521 577 651 630 unquam
678 561 772 630 magis
796 561 1023 618 contemserint.
1070 561 1154 616 Carl-

95 656 214 710 stadius
240 671 296 710 me
313 667 487 709 monentem
516 671 577 710 non
597 647 723 725 petitur:
749 657 801 710 sed
825 671 882 710 nec
904 663 1003 710 tutum
1029 665 1101 721 est,
1127 656 1154 710 si

94 751 266 817 resciscat,
291 765 331 804 ex
348 765 397 804 me
416 750 471 804 tibi
488 749 579 805 haec
571 751 760 819 innotuisse,
783 763 817 806 ut
843 759 888 806 est
910 749 1006 806 bomo
1026 745 1156 806 infirme.

96 852 150 899 tus
169 843 393 914 suspicionibus
405 843 417 872 *
429 841 455 909 ).

169 937 431 996 Tesssrsdecstlis'
451 939 588 996 frontalis
616 937 742 1012 epistole
769 938 880 994 omissa
911 945 973 1001 est.
996 941 1158 1010 megntli.

95 1031 173 1089 belli
192 1033 386 1089 deformitate
398 1028 451 1103 b),
470 1043 501 1090 et
518 1051 585 1090 mee
606 1032 817 1106 indignatione.
854 1033 988 1090 Abseote
1005 1047 1054 1090 me
1072 1037 1158 1107 prior

96 1129 259 1194 ,sexternis
284 1111 415 1186 excusus
443 1139 508 1186 est:
534 1129 694 1186 vernacule
719 1127 894 1200 propediem
913 1145 1035 1202 quoque
1057 1129 1159 1188 absol.

100 1231 204 1277 vetur.
240 1221 332 1279 Turdi
354 1239 421 1280 esse
442 1225 581 1294 cogimur
601 1235 666 1278 tum
684 1223 772 1294 copin
791 1223 1002 1296 negotiorum,
1030 1235 1094 1280 tum
1113 1225 1159 1282 io.

99 1317 171 1387 opis
193 1327 344 1389 typorum.
384 1317 493 1376 Exibit
525 1320 649 1376 omnino
683 1319 844 1373 vernacule
871 1317 1098 1390 apologis**)5
1127 1328 1160 1376 et

96 1411 241 1466 cononici
263 1412 377 1467 indocti
395 1413 494 1470 simul.

171 1505 314 1578 Philippo
328 1508 449 1562 memini
466 1525 515 1564 me
533 1518 653 1580 optasse
670 1521 801 1562 uxorem
817 1507 880 1562 suis
895 1507 1032 1565 moribus
1045 1517 1158 1580 eptem,

99 1617 161 1655 nec
177 1601 277 1656 adbuc
296 1603 421 1673 poenitet
437 1603 551 1675 optati:
569 1613 674 1658 metuo
695 1581 811 1657 liomini
832 1617 954 1670 casum,
981 1603 1031 1674 qui
1043 1619 1160 1696 magne

100 1696 221 1763 ingenis
238 1695 335 1750 ferme
351 1699 561 1770 persequitur,
580 1707 646 1753 tunt
663 1693 746 1768 quo'd
767 1694 863 1750 bomo
883 1697 986 1751 estrei
1005 1697 1159 1755 familiaris

99 1791 211 1862 suique
229 1791 369 1864 conponit
386 1791 657 1848 incuriosissimue:
684 1789 815 1850 necdum
835 1799 935 1844 temen
951 1791 1040 1848 video
1059 1791 1159 1848 homi-

98 1901 172 1940 nem
189 1886 225 1940 ed
249 1885 279 1942 itl
296 1901 390 1954 genus
409 1887 474 1942 vitre
493 1900 689 1958 propensum.

138 1975 141 1980 ’
179 1979 284 2036 Viduas
304 1981 398 2052 *hujus
432 1983 544 2037 iterum
572 1983 661 2036 mitto
693 1979 966 2052 supplicationem:
1000 1981 1094 2049 gemit
1123 1997 1160 2038 ac

99 2075 224 2148 plorat,
253 2075 404 2147 deumque
433 2083 642 2138 contestetur,
671 2089 704 2130 se
730 2073 901 2128 mendicem
925 2073 1078 2142 futurum,
1102 2075 1159 2131 nisi

101 2170 230 2242 recipiet
252 2170 389 2226 domum.
424 2169 491 2240 Ego
517 2171 595 2242 opud
625 2167 667 2224 D.
696 2167 867 2224 Canonicos
894 2167 1007 2222 frustra
1031 2166 1159 2224 laboro:

102 2282 162 2320 nec
184 2264 336 2336 reliquum
359 2264 469 2334 video,
494 2263 551 2320 nisi
579 2262 726 2334 Princeps
754 2260 848 2318 illust.
873 2261 905 2316 io
926 2277 965 2318 eu
991 2275 1024 2315 re
1048 2259 1161 2334 aliquid

97 2345 222 2416 iecerit.
251 2357 376 2414 Nollem
394 2367 477 2414 certe
496 2359 665 2414 mendicem
683 2355 746 2412 fieri
765 2357 825 2412 huo
843 2357 1007 2414 occasions
1025 2374 1063 2414 us
1079 2359 1162 2416 sorte

100 2471 162 2510 uns
179 2455 219 2510 sit
237 2469 340 2510 esrum
359 2455 536 2518 viduarum,
565 2469 693 2526 quarum
717 2451 806 2508 Deus
825 2451 925 2524 judex
953 2453 983 2508 in
1008 2452 1164 2527 Scriptura

101 2543 327 2622 pronuntiatur.
491 2539 497 2562 ⁸

176 2643 287 2714 Mitto,
306 2651 340 2698 ut
355 2643 491 2710 remittas
506 2643 650 2698 schedam
663 2637 854 2698 inhibitionis
870 2641 1018 2697 Misnens.
1027 2683 1037 2712 ,
1057 2641 1163 2699 foetum

104 2738 226 2794 scilicet
250 2748 280 2794 et
303 2753 416 2806 magnes
441 2739 611 2794 invidisset
638 2737 763 2807 msj0ris
784 2735 920 2796 inscitias.
957 2733 1031 2790 Vale
1054 2746 1085 2790 et
1108 2753 1164 2792 ors
1242 2767 1247 2774 ·

103 2849 166 2907 pro
185 2849 244 2890 me.
279 2833 340 2888 Die
356 2837 386 2890 5.
408 2831 552 2904 Agathe,
571 2849 648 2912 auno
667 2830 810 2886 MDXX.

682 2924 838 3008 Martinus
857 2921 1014 2983 Lutberus
1033 2925 1165 2994 August.

110 3069 642 3098 ..n--n--n—e-——a-—t—

160 3184 192 3231 bl
221 3182 294 3230 cod.
313 3182 328 3236 J
335 3191 379 3230 es.
397 3179 583 3254 deformatione.
962 3173 977 3218 Ι

106 3265 306 3288 Uffl

159 3313 190 3363 *l
218 3309 311 3362 (btlitt
325 3310 374 3360 inte
391 3307 485 3360 eorm
499 3307 548 3358 &l
562 3306 659 3362 litorei
678 3307 702 3360 tr
717 3305 759 3361 lut
770 3315 795 3354 er
809 3305 885 3360 tltsttt
899 3305 964 3360 iloto
980 3303 1078 3360 reiciet.

159 3391 201 3444 ”l
226 3389 298 3460 dlis}
313 3387 503 3443 sternutantes.
