2714 4556
85 257 89 266 '
466 265 470 272 .
1172 206 1193 250 Ι

176 363 180 372 ’
232 349 271 414 ns
538 409 549 428 x
710 307 798 388 1517ss

168 523 172 536 ·
233 475 954 565 illustrissime,quodegofexhominumtautum
968 453 1288 526 habentemeritads‚‘
1341 522 1347 543 Ι

233 611 267 656 ut
286 597 322 652 ad
341 591 459 649 culmen
478 595 535 640 tuae
551 575 745 638 Sublimitatis
766 583 855 626 austra
878 564 988 629 fuerim
1006 553 1141 628 cogitare
1163 554 1286 626 episto.
1352 558 1354 588 1

232 694 303 748 lam.
337 684 439 742 Testis
458 688 503 737 est
524 677 598 733 mihi
616 671 767 728 Dominus
787 663 898 729 Jesus,
929 655 1011 730 quod
1028 667 1102 708 meaa
1121 633 1289 722 parvitatis

235 795 265 842 et
287 777 476 854 turpitudinis
495 771 568 827 mihi
594 753 734 823 conscius
769 759 820 814 diu
847 755 911 827 jam
943 747 1062 815 distuli,
1090 744 1173 818 quod
1198 755 1289 794 nunc
1346 744 1355 778 ἠ

234 877 376 952 perfricta
392 873 491 926 fronte
505 863 648 938 perficio,
665 862 822 931 permotus
839 842 1070 920 quammaxime
1089 837 1190 894 officio
1209 833 1289 890 iide-
1347 868 1352 877 .

157 1021 170 1044 χ
234 971 324 1028 litatis
345 982 435 1034 meae,
461 977 550 1034 quam
572 967 640 1014 tuae
659 945 917 1008 reverendissimae
940 940 1010 999 Pet.
1029 937 1059 992 in
1079 932 1206 988 Christo
1231 929 1289 982 de.

233 1065 308 1122 bere
329 1077 377 1117 me
402 1071 544 1128 agnosco.
594 1049 745 1118 Dignetur
765 1045 867 1113 itaque
895 1048 946 1094 tua
978 1031 1099 1088 interim
1124 1022 1287 1081 Celsitudo

235 1157 358 1214 oculum
376 1147 412 1208 ad
432 1150 588 1224 pulverem
609 1157 700 1227 unum
722 1137 893 1201 intendere,
923 1137 954 1186 et
974 1133 1080 1184 votum
1101 1133 1208 1176 maana
1225 1131 1286 1188 pro

236 1261 287 1310 tua
302 1252 339 1306 'et
361 1242 524 1318 pontificali
543 1238 699 1296 clementia
718 1230 893 1298 intelligere.

306 1339 568 1399 circumferuntur
580 1329 767 1398 indulgentiae
780 1324 899 1399 papales
914 1317 970 1376 sub
986 1325 1039 1371 tuo
1052 1303 1287 1384 praeclarissimo

237 1441 326 1495 titulo
348 1437 383 1490 ad
405 1431 550 1494 fabricam
568 1428 597 1482 S.
615 1423 717 1491 Petri,
738 1421 772 1475 in'
789 1417 898 1491 quibus
914 1427 975 1468 uon
991 1409 1066 1464 adeo
1082 1414 1291 1470 accuscprte.

238 1534 407 1589 dicatorum
429 1521 681 1586 exclamationes,
700 1531 774 1588 quas
793 1527 854 1568 non
871 1507 979 1569 audiui,
1005 1501 1058 1560 sed
1077 1497 1166 1553 doleo
1187 1493 1289 1548 falsis.

152 1637 157 1644 '
215 1643 218 1646 ·
239 1627 330 1683 simas
351 1619 557 1689 intelligentias
574 1612 676 1687 populi
693 1623 732 1665 ex
749 1609 806 1664 illis
824 1580 1007 1674 conceptas,l
1025 1607 1099 1668 quus
1117 1587 1210 1658 vulgo
1229 1601 1290 1639 un.

240 1721 330 1791 dique
353 1720 487 1789 jactant,
516 1709 673 1775 videlicet,
698 1703 781 1776 quod
804 1697 932 1756 credunt
954 1691 1089 1748 infelices
1108 1683 1229 1748 anima,
1260 1669 1288 1733 si

240 1813 343 1868 literas
365 1792 613 1877 indulgentiarum
627 1799 820 1863 redemerint,
837 1790 917 1864 quod
935 1783 1035 1844 securi
1051 1774 1168 1844 sint‘b)
1182 1777 1219 1830 de
1240 1790 1292 1828 sa.

239 1906 301 1961 lute
324 1886 397 1984 sua'e
423 1903 510 1962 item,
542 1897 624 1970 quod
647 1894 750 1948 animas
769 1891 806 1946 de
829 1882 1005 1958 purgatorio
1024 1877 1126 1933 statim
1145 1869 1290 1936 evolent,

238 1999 291 2054 ubi
308 1995 564 2054 contributionern
578 1991 608 2046 in
621 1988 728 2044 cistam
743 1979 946 2040 coniecerint:
965 1972 1086 2038 deinde,
1106 1974 1202 2022 tantas
1217 1978 1291 2019 esse

239 2095 295 2148 has
320 2089 446 2161 grisias,
467 2083 504 2142 'ut
529 2083 644 2140 nullum
672 2081 711 2137 sit
734 2079 807 2134 adeo
829 2087 968 2142 maguum
989 2071 1168 2141 peccatum,
1194 2051 1292 2113 e'tiam

211 2243 217 2258 x
242 2185 300 2250 (ut
319 2182 423 2254 aJuut)
453 2182 478 2248 si
497 2196 552 2252 per
578 2175 762 2249 impossibile
788 2169 855 2244 quis
881 2173 1009 2221 matrem
1032 2158 1093 2214 Dei
1118 2153 1293 2218 violasset,

242 2277 314 2349 quin
335 2275 434 2346 possit
459 2272 553 2328 solvi:
580 2271 670 2338 item,
696 2267 778 2340 qiaod
798 2265 894 2320 homo
922 2274 977 2335 per
998 2257 1069 2314 istas
1089 2246 1293 2319 indulgentias

242 2370 320 2426 liber
341 2369 380 2423 sit
400 2365 436 2420 ab
457 2365 538 2420 omni
555 2377 641 2434 ptana
661 2372 692 2417 et
709 2361 807 2431 culpa.
1061 2361 1070 2371 ¹
1192 2401 1197 2408 ,

310 2461 339 2518 O
355 2460 450 2542 ⁸Deus
473 2457 604 2532 optimc,
624 2457 668 2514 sic
688 2453 864 2508 erudiuntur
885 2449 989 2504 animat
1007 2445 1068 2500 tuis
1090 2440 1191 2509 curis,
1210 2438 1293 2509 opti.

241 2553 291 2610 ¹me
308 2553 418 2620 Pater,
437 2551 606 2606 commissae
624 2551 659 2604 ad
676 2559 827 2614 mortem,
846 2555 876 2600 et
897 2543 930 2598 iit
949 2516 1038 2613 atque
1058 2535 1169 2592 crescit
1189 2533 1295 2588 duris.

231 2639 317 2706 *sima
335 2647 412 2701 ratio
432 2644 485 2700 tibi
503 2643 654 2699 reddenda
672 2659 763 2714 super
777 2637 916 2696 omnibus
934 2635 1011 2692 istis.
1044 2630 1164 2688 Idcirco
1184 2637 1294 2682 tacere

241 2741 308 2797 hac
337 2739 462 2813 amplius
491 2755 551 2794 non
581 2739 676 2812 potui.
723 2736 795 2792 Non
823 2735 903 2790 enim
927 2730 960 2786 fir
985 2728 1081 2784 homo
1098 2713 1166 2796 ‚per
1193 2720 1293 2778 ullum

242 2851 351 2918 munus
367 2834 500 2907 episcopi
518 2847 644 2888 securus
662 2833 703 2920 de!
711 2831 822 2892 salute,
844 2843 915 2884 cum
931 2839 988 2878 nec
1009 2837 1061 2898 per
1082 2816 1209 2888 gratiam
1227 2813 1292 2868 Dei

242 2929 371 2984 infusam
392 2927 443 2983 fiat
456 2941 598 2996 securus,
617 2929 670 2983 sed
687 2941 807 2996 semper
825 2923 855 2978 in
872 2921 981 2976 timore
1001 2925 1032 2971 et
1051 2924 1188 2970 tremore
1200 2907 1294 2980 jubet

242 3037 300 3078 nos
324 3021 441 3094 operari
465 3021 592 3076 salutem
621 3027 757 3074 nostram
778 3015 966 3089 Apostolus:
994 3003 1202 3080 &justus-⁰)
1234 3001 1293 3058 νὴ

244 3113 433 3172 salvabitur:
453 3115 580 3185 denique
600 3121 661 3169 tarn
677 3122 758 3168 arcta
780 3119 825 3165 est
846 3110 893 3164 via
904 3116 919 3177 ,'
940 3122 1005 3178 qua
1019 3094 1109 3158 vducit
1122 3101 1163 3167 ad
1180 3098 1292 3157 vitam,

241 3219 276 3265 nt
299 3210 451 3282 Dominus
475 3225 530 3282 per
553 3207 723 3280 Prophetas
748 3208 842 3260 Amos
866 3213 897 3258 et
920 3199 1103 3258 Zachariam
1120 3172 1294 3252 *salvandos

242 3305 371 3376 appellet
389 3313 490 3358 torres
508 3312 611 3372 raptos
628 3304 664 3357 de
685 3301 846 3367 incendio,
866 3307 896 3352 et
915 3296 1027 3367 ubique
1046 3291 1198 3348 Dominus
1215 3285 1293 3342 diffi.
1319 3297 1321 3301 ·

243 3397 389 3466 cultatem,
405 3399 509 3454 salutis
532 3397 702 3473 denunciet.
966 3399 968 3404 ·
1261 3393 1264 3398 ·

314 3493 480 3568 Quomodo
499 3478 535 3558 d>
559 3504 631 3558 ergo
652 3505 706 3559 per
728 3489 792 3544 illas
819 3487 906 3542 falsas
935 3483 1091 3539 veniarum
1117 3477 1233 3534 fabulas
1260 3480 1293 3528 et

171 3601 175 3614 ·
242 3587 460 3658 promissiones
479 3582 515 3650 e)
535 3583 649 3638 iaciunt
673 3583 818 3654 populum
837 3595 979 3643 securum
1010 3585 1041 3630 et
1064 3575 1128 3630 sine
1158 3569 1292 3628 timore?

244 3696 314 3735 cum
343 3679 528 3749 indulgentia
553 3691 680 3749 prorsus
704 3675 872 3732 nihilboni
893 3672 1053 3730 conferant
1074 3665 1230 3723 animabus
1254 3661 1293 3715 ad

295 3975 326 4028 b)
355 3959 611 4022 transcensores
711 4019 713 4025 i
818 3973 849 4024 d)
878 3972 907 4018 d.
929 3983 980 4030 cur.¹

295 4059 324 4105 c)
351 4055 421 4106 li.-i·
436 4053 517 4112 inquit
536 4047 629 4101 Petrus.
818 4055 847 4102 e)
875 4053 903 4098 a.
917 4047 1087 4110 predicatores
1105 4055 1215 4094 autumn
