2714 4556
150 789 152 798 ,
242 747 292 793 tue
314 745 371 809 est.
412 734 525 803 Igitur,
553 733 580 788 si
599 745 726 804 usquam
749 733 898 790 silentium
925 735 1000 792 vitio
1021 733 1198 792 vertendum
1220 744 1287 803 est,

659 209 663 223 .
811 215 820 244 ,
923 215 927 228 .

225 263 353 381 ‘cast
418 291 422 308 ·
553 355 559 374 ,
645 285 861 357 wint..

180 429 189 448 λ
243 454 385 522 ornaris,
421 449 457 506 ud
484 447 616 506 amicum
642 446 839 519 scriberem,
871 447 907 504 ad
933 461 1003 506 eum
1035 465 1106 506 sene
1137 451 1287 520 unicum,

244 551 294 622 qui
314 558 360 602 est
376 561 467 618 purus
483 555 513 624 et
528 543 737 612 integerrimus
757 554 846 616 etque
865 543 1116 608 humanissimus,
1136 552 1185 616 et,
1203 545 1288 617 quod

241 643 374 700 maxime
391 641 427 695 ed
447 655 511 694 rem
525 638 675 714 pertinet,
701 639 751 710 qui
768 649 907 696 recenter
927 649 959 695 et
976 640 1115 710 cognitus
1136 640 1288 700 eriuven.
1343 605 1344 664 l

243 831 330 887 amici
363 829 399 883 ad
430 829 561 886 amicum
589 829 739 885 sitentium
764 829 955 901 potissimum
980 829 1038 884 tale
1063 827 1284 885 arbitrandum:

207 989 210 1002 ,
241 923 484 997 quandoquidem
504 930 542 980 et*
552 921 677 994 ineptire
691 931 726 978 et
745 925 848 993 nugari
865 939 925 980 non
941 924 1082 994 segnius,
1101 937 1191 995 quam
1206 921 1287 978 serio
1343 899 1344 978 l

240 1035 346 1088 egere,
364 1015 525 1072 amicitiam
542 1016 660 1086 foveat,
677 1033 715 1072 ue
736 1015 850 1086 dicam,
869 1017 1013 1088 perficiat·
1048 1017 1117 1074 Imo
1139 1027 1169 1075 et
1193 1018 1223 1072 id
1245 1017 1289 1088 ip.
1343 991 1344 1070 l

180 1107 183 1120 ¹
240 1127 310 1168 sum
338 1125 354 1165 a
383 1125 440 1166 suo
466 1111 564 1184 amico
592 1119 756 1188 extorquet
781 1111 865 1168 divus
894 1111 1113 1182 Hieronymus,
1149 1103 1286 1167 scribere
1343 1103 1344 1174 l

238 1205 376 1269 scilieet,
394 1197 475 1278 quod
489 1204 563 1268 nihil
579 1204 771 1262 scribendum
785 1205 906 1264 habeut.
933 1205 1037 1280 Quare
1057 1205 1177 1264 etmihi
1193 1206 1286 1262 modo
1343 1195 1344 1226 ¹

239 1299 400 1360 eonsilium
430 1299 486 1354 luit
507 1299 632 1370 ineptire
656 1298 744 1356 malle
772 1303 848 1374 apud
879 1302 1035 1372 amioum,
1069 1317 1160 1374 quam
1185 1301 1288 1360 silere.

240 1393 438 1469 Quanquam,
463 1393 542 1447 boue
563 1391 664 1460 Deus,
691 1394 810 1466 quando
832 1411 969 1467 unquam
989 1395 1097 1452 scribit
1119 1395 1213 1450 irater
1236 1394 1286 1450 ille
1343 1447 1344 1486 p

237 1487 408 1555 Martinus,
430 1486 647 1552 falsovooutus
665 1487 837 1559 theologus,
867 1491 903 1558 im
918 1507 979 1563 quo
993 1507 1060 1560 non
1078 1491 1214 1562 ineptia,
1235 1490 1286 1562 qui
1343 1491 1344 1564 ξ

239 1582 319 1640 inter
349 1581 496 1648 stridores
530 1590 561 1637 et
584 1583 747 1651 sartagines
772 1583 812 1652 ²)
842 1584 1084 1654 syllogismorum
1110 1581 1185 1640 adeo
1214 1584 1287 1640 nibil
1343 1573 1344 1662 l

224 1674 372 1747 profecit
426 1674 441 1745 )
469 1675 499 1730 in
527 1675 591 1743 his,
617 1691 691 1748 quae
722 1677 899 1750 adscultum
924 1678 1040 1748 linguae
1058 1679 1225 1750 pertinent.
1254 1686 1288 1732 ut
1343 1679 1344 1736 l

240 1770 355 1826 etiamsi
374 1771 535 1842 quicquam
551 1786 682 1841 unquam
700 1772 866 1839 gustaverit
885 1761 1061 1828 eruditionis
1080 1773 1128 1836 vel
1144 1771 1287 1844 eloquere.
1343 1755 1344 1782 ¹

237 1863 316 1931 tiae,
343 1872 443 1919 toturn
458 1864 487 1920 id
507 1864 544 1918 ed
566 1863 719 1920 infantiam
743 1874 774 1920 et
790 1865 955 1922 balbutiem
978 1867 1128 1936 redegerit
1150 1867 1288 1935 longissi.

228 1972 305 2018 ‚mus
325 1957 374 2011 ille
397 1967 427 2012 et
450 1957 586 2012 assiduus
609 1957 759 2014 scribendi
776 1975 859 2014 usus.
894 1957 951 2014 Sed
964 1959 1028 2030 jum
1050 1961 1122 2015 satis
1137 1975 1286 2032 superque

240 2051 464 2122 praelationum
486 2048 546 2118 ⁰),
569 2067 607 2106 ue
627 2052 770 2108 volumen
790 2047 908 2124 polius,
929 2069 1018 2124 quam
1039 2054 1193 2124 epistolam
1211 2055 1287 2110 scri.

238 2142 330 2209 bere,
356 2143 419 2198 hoo
442 2151 502 2211 est,
523 2144 612 2200 etiam
633 2147 802 2216 ineptiendo
826 2147 952 2218 ineptire
972 2157 1003 2202 et
1023 2145 1070 2202 bis
1089 2147 1224 2216 desipere
1244 2149 1287 2204 vi.
1343 2155 1344 2186 l

165 2244 167 2248 ’
237 2235 329 2303 dear,
360 2251 430 2289 cum
459 2227 553 2291 semel
579 2239 743 2308 desipuisse
772 2240 896 2296 nimium
933 2241 972 2296 sit
1004 2241 1159 2310 theologo.
1206 2241 1287 2298 Finis

237 2327 382 2398 epistolae
398 2335 461 2396 est,
480 2337 514 2382 ut
531 2329 705 2398 intelligas,
703 2347 804 2402 quum
823 2335 971 2403 egregiam
991 2337 1074 2392 dete
1096 2345 1207 2408 tueque
1229 2337 1286 2392 lide

236 2419 409 2490 opinionem
434 2421 644 2495 conceperim:
672 2439 733 2477 non
756 2425 837 2494 quod
862 2429 1053 2500 expostulem
1069 2445 1167 2486 vicem
1188 2430 1218 2485 in
1238 2447 1286 2486 me
1343 2427 1344 2522 l

236 2522 337 2579 tuam,
357 2528 447 2583 quam
464 2516 650 2572 certissimus
670 2516 744 2571 mihi
760 2519 915 2592 possidere
937 2522 1064 2590 videor,
1081 2523 1133 2578 sed
1151 2533 1286 2592 tantum,
1343 2547 1344 2622 p

235 2615 270 2660 ιιι
294 2623 354 2660 non
384 2607 499 2662 minora
526 2609 580 2686 tibi
608 2611 644 2665 de
668 2627 735 2682 me,
761 2628 849 2683 quam
867 2624 907 2688 'tu
926 2617 963 2672 de
986 2625 1016 2672 te
1037 2617 1102 2688 ipso
1122 2617 1175 2672 tibi
1197 2618 1287 2689 polli-
1343 2683 1344 2686 Ἴ

235 2699 297 2755 ceri
310 2701 423 2771 possis,
442 2704 632 2774 persuadeas.

303 2795 345 2847 At
365 2809 442 2847 ecce
458 2795 577 2850 interim
592 2799 666 2853 mihi
686 2801 716 2854 in
737 2811 868 2867 mentem
885 2807 982 2874 venit,
1003 2808 1084 2879 quod
1104 2807 1178 2864 mibi
1194 2824 1285 2881 opus.
1343 2807 1344 2832 ¹

210 2886 302 2942 cute
330 2888 487 2943 reverendi
517 2891 608 2982 patris
641 2891 750 2949 Vioarii
777 2913 831 2968 per
858 2899 1030 2956 Udalricum
1056 2903 1146 2958 istum
1175 2898 1286 2958 Pindi.
1343 2951 1344 2972 ι

221 2983 300 3036 'rum
320 2978 356 3048 ¹⁴)
389 2981 485 3037 ferme
506 3001 561 3054 pru
582 2987 598 3036 2
621 2988 718 3042 aureis
748 2992 872 3048 misisti:
898 3011 973 3065 quae
998 3009 1054 3064 ego
1079 3011 1149 3050 sane
1172 2998 1284 3067 purtim
1343 2997 1344 3006 ’

233 3075 377 3144 vendidi,
398 3077 508 3148 partim
537 3077 625 3136 bonis
648 3075 751 3138 amicis
771 3085 939 3144 Reverendi
957 3067 1060 3144 Putris
1084 3090 1176 3158 gratis
1197 3089 1284 3146 dedi.
1343 3083 1344 3094 ’

168 3204 175 3231 ,
232 3169 269 3224 de
289 3171 416 3228 venditis
435 3190 509 3230 vero
528 3178 703 3247 pecuniam,
723 3197 811 3249 rpuam
833 3181 958 3236 condivi
969 3182 1208 3254 ,ipcuperibus‚
1240 3183 1283 3238 uti
1343 3219 1344 3254 4

202 3263 362 3334 jussisti,
382 3265 411 3320 id
433 3277 498 3336 est,
517 3269 669 3340 mihiipsi
692 3283 721 3328 et
743 3274 886 3330 fratribus
907 3276 1051 3346 impendi:
1071 3278 1284 3348 pauperiorem
1329 3271 1344 3336 ‘l

231 3359 311 3414 euim
338 3375 387 3446 me
415 3362 481 3430 ipso
507 3363 639 3418 noudum
666 3367 738 3422 satis
766 3369 905 3436 cognovi.
954 3369 1098 3424 Ceterum
1130 3387 1226 3438 rogo,
1258 3371 1284 3426 si
1343 3381 1344 3408 l

124 3475 126 3479 ·
230 3461 332 3522 potest
353 3453 437 3513 lieri,
465 3456 571 3511 eodem
599 3469 652 3514 tuo
674 3461 764 3530 jussu
787 3461 859 3536 mihi
884 3463 973 3518 iidem
992 3461 1083 3518 libelli
1105 3464 1283 3552 mittantur.

231 3545 287 3614 p'ro
316 3547 451 3616 floreno,
490 3565 580 3620 quem
613 3552 671 3608 illis
708 3533 861 3612 venditis
870 3555 924 3612 tibi
955 3558 1116 3627 rependum
1146 3557 1284 3614 fideliter
1343 3547 1344 3620 l

233 3670 759 3710 ——nss—-p-e-..ff

284 3751 315 3797 a)
343 3733 479 3802 &drisci
496 3747 637 3807 ferrugines.

283 3824 317 3874 b)
346 3823 408 3873 sd.
435 3825 538 3880 prolicit

286 3904 316 3950 c)
344 3900 406 3950 64).
434 3893 591 3958 pretorianis.

233 3983 439 3999 *ψ’

284 4029 313 4081 ⁸)
341 4027 416 4082 ιιιιιιιι
432 4031 581 4087 ιιοιιιιιιιιιι
600 4033 647 4086 ιιι.
663 4034 708 4080 No.
723 4015 826 4084 xxxv.
