2766 4550
229 349 243 378 .
591 305 681 376 1516.
827 299 831 315 '
894 269 896 277 ¹
1119 317 1157 380 aa
1192 361 1195 370 .

103 433 154 522 sed
177 475 297 522 moneo
320 464 351 520 in
371 462 528 554 Domino,
550 472 585 520 nt
609 466 773 536 registrum
790 466 938 536 singulare
965 467 1161 542 subordines,

102 559 132 615 in
152 577 217 633 qun
240 561 349 616 dietim
368 545 711 634 consignes,quaptu1'n
731 561 901 630 cerevisiae,
920 575 1064 633 quantum
1088 565 1162 635 vini,

103 665 253 726 quantum
274 655 379 728 panis,
405 663 548 727 quantum
570 656 724 724 carnium,
750 667 895 728 quantum
913 656 1041 728 denique
1061 659 1162 730 cujus.

13 805 14 808 ,
98 765 225 822 cunque
256 749 301 804 rei
321 747 353 804 in
373 748 423 805 illa
443 759 635 806 consumtum
653 751 709 818 sit,
734 749 869 822 adjecto,
895 767 959 824 qum
984 768 1040 822 pro
1068 755 1161 822 gradu

100 855 154 898 tuo
171 843 226 898 vel
246 844 375 900 alterius
401 853 559 900 consumta
577 843 711 913 luerint,
729 862 790 900 non
805 841 916 900 ibidem
938 847 1088 916 assignes,
1106 849 1161 906 sed

12 939 14 1008 g
101 946 223 994 tautum
249 955 319 1009 quae
344 955 400 1010 pro
423 939 634 996 communibus
657 939 837 1011 hospitibus.

170 1032 272 1103 Cujus
301 1033 421 1102 registri
445 1034 591 1102 modum,
620 1034 645 1092 si
661 1051 724 1090 non
745 1035 851 1092 melius
872 1034 1042 1104 inveneris,
1069 1033 1160 1092 talem

102 1126 235 1200 accipe,
254 1139 289 1182 ut
308 1129 402 1184 certis
422 1128 584 1184 intervallis
602 1129 642 1184 ita
661 1127 790 1186 scribas:
819 1129 850 1184 in
869 1129 916 1184 die
936 1131 1032 1185 sancti
1049 1129 1160 1202 hujus,

101 1221 152 1275 vel
175 1223 349 1290 feriatali,
380 1231 450 1294 post
480 1222 539 1278 tale
573 1223 705 1292 testum,
732 1231 846 1278 tantum
874 1232 920 1280 est
944 1233 1160 1296 consumtum,

103 1315 246 1384 scilicet,
272 1315 337 1372 sini
355 1325 492 1385 tantum,
512 1318 595 1389 panis
614 1327 728 1374 tantum
746 1327 823 1382 etc..
846 1333 902 1390 pro
923 1317 972 1372 tali
989 1317 1031 1374 N.
1052 1321 1100 1374 vel
1117 1319 1161 1378 N.

103 1408 292 1482 hospitibus.
330 1409 406 1468 Nou
419 1411 459 1468 sit
472 1411 525 1466 tibi
538 1413 603 1496 troc
619 1410 826 1494 laboriosum,
844 1429 942 1484 neque
957 1413 1159 1484 superfluum:

102 1507 221 1560 aestima
242 1521 362 1577 quasso,
390 1505 521 1577 alioquin
543 1507 736 1580 praeciperem
756 1507 832 1563 tibi:
856 1508 955 1563 nescis
979 1508 1059 1564 torte
1080 1509 1161 1579 cogi.
1188 1493 1194 1514 “

106 1606 208 1654 tatum
224 1615 336 1655 meum.
379 1599 447 1656 Tali
468 1601 547 1656 enim
569 1603 661 1658 modo
685 1597 763 1670 (uisi
785 1619 835 1657 me
860 1602 958 1658 omnis
980 1618 1085 1658 sensus
1107 1604 1161 1659 lal-

106 1684 171 1761 liti*
191 1691 323 1764 ridebis,
348 1712 386 1750 an
409 1704 577 1751 conventus
598 1695 637 1751 sit
658 1695 725 1768 plus
747 1695 981 1765 monasterium,
1008 1693 1097 1768 quam
1118 1707 1162 1753 ta.
1207 1732 1213 1749 .

106 1786 202 1842 berna
220 1790 268 1844 vel
282 1788 444 1862 hospitale.
464 1787 546 1864 Quin
562 1789 620 1846 isto
638 1791 732 1848 morlo
748 1807 809 1846 non
827 1791 926 1846 solum
943 1783 1020 1845 scire
1034 1793 1161 1865 poteris,

108 1893 254 1952 quantum
283 1885 322 1938 sit
345 1895 565 1954 consumtum,
597 1887 652 1962 ¹sed
684 1895 715 1941 et
741 1883 852 1956 quibus
884 1895 916 1940 et
946 1895 1022 1956 quot
1056 1887 1161 1942 diebus

106 1976 267 2049 hospitalis
284 1977 393 2046 fueris,
416 1969 548 2050 'denique
568 1979 677 2050 quibus
698 1978 871 2050 hospitibus
893 1979 1004 2034 fuerint
1026 1965 1162 2035 exhibita

110 2087 201 2143 opera
223 2074 422 2128 reverentias:
448 2073 500 2128 sed
522 2083 553 2128 et
570 2074 718 2128 murmuri
740 2073 868 2126 fratrum
892 2071 984 2140 objici
1009 2081 1110 2144 potest
1132 2079 1163 2128 et

110 2167 190 2222 ratio
210 2167 317 2234 reddi,
334 2165 381 2222 sel
396 2167 546 2228 accusari,
566 2177 596 2221 et
615 2165 709 2220 multa
729 2165 783 2220 alia
793 2202 804 2232 ,
822 2178 887 2236 quae
900 2180 983 2218 nune
1001 2181 1064 2222 non
1082 2165 1162 2224 dico.

183 2259 285 2316 Velim
305 2261 408 2330 etiam,
432 2270 467 2316 ut
491 2278 547 2334 pro
571 2257 769 2316 Terminariis
790 2257 997 2328 vestientibus,
1025 2261 1163 2318 exeunti.

97 2353 198 2422 'bus,
225 2364 256 2410 et
278 2353 406 2428 hospites
428 2372 503 2412 suos
525 2353 741 2424 adducentibus
766 2353 957 2424 singulariter
976 2361 1006 2410 et
1029 2357 1161 2412 seorsim
1249 2365 1251 2372 ·

115 2441 235 2504 laceres
251 2447 430 2518 signatores,
447 2459 482 2504 ut
496 2450 537 2506 ita
553 2449 649 2520 possit
664 2447 804 2520 inquietis
824 2457 855 2504 et
872 2449 1044 2506 insalutatis
1059 2449 1163 2521 objici,

112 2552 257 2616 qnantum
279 2544 503 2626 consumserint
520 2545 664 2616 prodige,
694 2543 745 2616 qui
770 2543 949 2613 superbiunt
967 2545 1004 2600 de
1023 2545 1160 2602 multitu.

7 2665 8 2668 ¹
109 2641 177 2695 dinc
201 2637 339 2694 utilitatis
360 2646 391 2693 et
411 2655 510 2711 operas
527 2655 597 2696 sun.
632 2638 723 2708 Vale,
743 2647 774 2696 et
795 2647 861 2694 esto
880 2639 927 2694 vir
950 2639 1113 2700 robustus.
1133 2647 1165 2696 et

108 2732 262 2790 Dominus
287 2735 347 2790 erit
370 2743 491 2804 tecum,
515 2749 667 2804 memor„
681 2733 762 2806 quod
782 2733 899 2805 positus
920 2749 953 2790 es
974 2736 1004 2789 in
1027 2737 1164 2803 signum,

34 2822 36 2828 ’
107 2829 158 2884 cui
179 2829 427 2896 contradiceturi
447 2829 510 2886 aliis
529 2831 608 2886 odor
626 2829 725 2886 bonus
744 2828 773 2882 iu
789 2827 900 2894 sitnm,
919 2828 982 2882 aliis
996 2844 1071 2886 sero
1085 2828 1165 2884 odor

106 2924 137 2980 in
163 2931 326 2992 mortem,
356 2932 387 2978 et
416 2935 469 2978 ora
496 2940 552 2996 pro
581 2939 642 2980 me.
686 2922 738 2980 Ex
761 2921 866 2990 Salas,
890 2924 916 2976 8.
938 2921 986 2978 die
1016 2921 1164 2994 Corporis
1240 2918 1245 2933 '

108 3017 515 3087 Christi,anquDXV1.
592 3073 595 3093 1
1091 3011 1093 3016 ’

254 3119 264 3130 ‘
701 3113 807 3170 Frater
823 3111 976 3168 Martinus
1001 3110 1164 3169 Lutherus.
1239 3119 1242 3130 ’

174 3285 251 3349 Non
280 3269 381 3344 iuveni
399 3265 435 3343 in
459 3287 598 3344 districtu
622 3269 682 3344 ist'o
706 3293 875 3342 conventus
902 3285 1042 3372 similiter·
1064 3287 1168 3360 dispo.

108 3383 203 3450 sitos,
223 3399 279 3454 per
294 3384 420 3452 gratiam
435 3381 517 3456 Dei,
535 3393 567 3440 ut
584 3382 700 3439 Gotten
719 3393 749 3440 et
765 3382 883 3438 Salaen:
909 3381 992 3438 bunc
1014 3398 1071 3436 una
1088 3382 1168 3450 hora
1272 3445 1276 3456 Ι

113 3477 300 3546 audivimus,
329 3477 413 3534 illum
435 3478 516 3537 forte
536 3477 662 3536 duabus.
697 3478 770 3534 Ideo
787 3477 927 3532 celeriter
948 3491 1051 3532 sumus
1072 3491 1167 3548 expe.

114 3569 166 3624 diti
191 3583 220 3628 et
243 3587 313 3628 cras
341 3572 413 3630 Deo
443 3573 574 3646 propitio
600 3589 707 3631 versus
734 3573 913 3630 Nortbusen
935 3567 1060 3641 ibimus,
1095 3570 1166 3644 quia

112 3663 282 3736 Dominus,
307 3677 342 3722 ut
361 3683 473 3741 spero,
494 3669 557 3726 sine
579 3669 689 3738 nobis,
716 3668 746 3724 iu
767 3667 833 3722 istis
856 3663 932 3720 locis
952 3673 1166 3738 operaturam

109 3771 213 3829 regnat
228 3762 259 3816 in
277 3763 484 3836 spiritualibus
507 3772 537 3818 et
559 3761 795 3836 temporalibus,
825 3759 897 3816 licet
916 3760 1013 3818 invito
1032 3761 1164 3820 diabolo.

108 3853 221 3912 Invasit
241 3873 295 3912 me
318 3857 461 3923 discrasia
490 3860 642 3930 quaedam,
675 3857 711 3912 nd
729 3855 829 3912 febres
847 3870 945 3912 meme
961 3857 1165 3928 perductura,

108 3948 164 4004 nisi
186 3949 345 4032 Dominus
366 3951 567 4024 prohibuerit.
594 3952 651 4008 Tu.
667 3967 722 4008 ora
740 3964 795 4024 pro
812 3967 880 4018 me,
898 3961 932 4006 ut
950 3950 1002 4006 fiat
1025 3949 1168 4032 pulcher.

109 4045 185 4098 rima
205 4045 350 4102 voluntas
371 4047 435 4118 ejus
451 4047 481 4105 in
500 4051 549 4102 me'
573 4061 693 4132 semper
714 4045 891 4113 benedicta,
916 4047 1027 4102 Amen.
