2756 4558
224 264 327 344 ιιι
423 374 427 383 Ι
484 287 486 295 ’
712 273 832 347 aaa

226 435 425 494 obdormias:
454 447 516 489 uon
544 432 583 490 sil
612 440 712 490 aulem
738 435 889 498 mairam,
911 433 965 490 sed
988 435 1089 506 uotiua
1109 435 1275 505 moriem,

225 533 304 588 bene
323 531 488 600 rogitatum
507 539 596 602 atqua
612 529 819 599 intellectum,
836 531 919 604 quod
936 545 1022 586 mane
1043 545 1175 600 surgens⁴
1193 531 1275 588 velm

223 627 367 698 reliquias
386 625 533 680 serotinas
551 624 694 696 reperias.
742 624 820 680 Item
844 627 874 680 io
896 626 978 681 omni
997 627 1102 680 studio
1120 639 1275 682 suarm

224 723 380 782 literarum
409 719 592 775 omninode
620 719 738 788 ingenio
765 729 796 776 at
826 721 930 778 labore
953 720 1182 791 'desperandum
1204 729 1275 788 est,

223 817 278 874 sed
299 829 370 892 oum
388 815 500 870 timore
521 821 551 866 et
570 813 737 886 humilitate
764 831 781 868 ιι
802 813 874 870 Deo
894 813 1090 870 intellectum·
1105 814 1162 870 ribi
1182 821 1275 886 pelas.

222 909 346 986 ¹ideirco
369 901 440 964 'oum
452 907 599 965 modicam
624 908 762 976 accedis,
788 908 895 965 oouloa
916 921 946 963 et
966 909 1067 979 cordia
1084 919 1114 964 er
1134 907 1276 978 corperis

223 1005 356 1076 primurn
380 1003 410 1058 in
437 1003 548 1058 ooelum
572 1003 672 1064 eleves
697 1004 733 1058 ad
754 1001 928 1070 Christum,
955 1001 1041 1058 brevi
1061 1003 1194 1074 suspirio
1213 1001 1276 1070 ejue

145 1139 149 1148 .
220 1098 349 1169 gratim
373 1097 578 1169 implorando,
598 1097 680 1168 quod
706 1098 793 1154 idam
811 1098 918 1168 saepius
936 1097 1106 1152 faciendum
1130 1104 1178 1152 aet
1199 1096 1277 1150 inter

222 1180 402 1263 legendum,
427 1194 479 1248 sed
502 1201 538 1249 ur
555 1187 637 1248 dicias
656 1203 686 1248 et
706 1192 843 1260 rogites·
862 1191 918 1260 da,
935 1190 1090 1258 Domine,
1108 1198 1142 1244 ut
1152 1189 1277 1248 eruar

224 1299 309 1344 recte
336 1288 527 1359 intelligam,
557 1286 652 1358 magis
674 1295 708 1342 ut
731 1296 762 1342 st
788 1287 905 1342 faciam.
950 1286 1007 1342 Sed
1033 1301 1106 1340 osvo
1133 1282 1276 1352 οιιιιιὶὶιιιι

219 1383 340 1453 modis,
365 1399 403 1438 ne
428 1383 495 1438 ideo
515 1381 626 1451 cupias
651 1381 773 1438 studere
789 1395 892 1448 sacra,
919 1389 953 1436 ut
969 1379 1044 1434 velis
1064 1377 1276 1435 tantummodo

225 1477 305 1536 seire
328 1489 358 1534 et
381 1477 546 1545 intelligere
573 1473 657 1542 (non
679 1475 758 1530 enirn
778 1476 870 1530 oredo
889 1483 920 1528 tr
938 1487 999 1528 ram
1020 1489 1120 1531 crassa
1134 1472 1277 1529 Minerva

224 1588 307 1642 ease,
325 1581 360 1626 ut
374 1572 547 1641 honorem,
565 1572 685 1628 luorum
707 1555 768 1626 aut¹
775 1569 901 1638 gloriam
924 1563 1063 1639 quaeras)
1082 1567 1145 1622 imo
1166 1583 1223 1620 neo
1242 1573 1278 1630 ut

128 1695 132 1703 ·
165 1723 167 1728 ,
224 1667 299 1722 velia
318 1667 391 1722 alios
410 1667 545 1724 dooere:
575 1668 647 1723 satis
674 1665 728 1720 tibi
752 1673 815 1717 ιιιιιι
834 1663 872 1717 sit
894 1657 1177 1734 cogi'torio,poteat
1196 1661 1277 1715 enim

224 1759 265 1816 ibi
290 1759 502 1826 occultissime,
521 1761 613 1817 latere
635 1757 820 1815 kenodoxia:
847 1757 899 1812 aad
924 1771 1048 1828 prorsus
1067 1755 1141 1810 nihil
1162 1771 1277 1827 quaeras

225 1854 282 1908 nisi
314 1854 441 1923 gloriam
469 1855 529 1910 Dei
539 1896 549 1925 ,
576 1857 616 1910 ita
644 1869 678 1912 ut
708 1853 753 1909 aio
781 1853 822 1908 sis
851 1852 1013 1908 animatus:
1041 1867 1130 1912 ecca,
1162 1851 1276 1922 optime

222 1935 357 2006 Domine
380 1947 474 2018 Jesu,
499 1951 524 2006 ai
552 1967 614 2006 non
644 1958 691 2006 ast
713 1949 776 2004 hoo
803 1946 935 2032 studium
960 1947 990 2001 in
1017 1945 1145 2016 gloriam
1171 1955 1276 2012 tuam,

223 2059 296 2113 ergo
317 2060 356 2098 ne
385 2044 478 2100 iacias
501 2059 550 2099 me
576 2045 612 2100 ad
636 2043 779 2121 syllabam
800 2042 983 2110 intelligere:
1009 2041 1045 2095 da
1065 2049 1167 2095 aulem
1184 2039 1275 2106 mihi.
1362 2111 1363 2122 ἵ

224 2125 367 2210 quantum
385 2137 440 2193 ribi
459 2139 578 2194 videtur
598 2139 633 2193 ad
652 2138 779 2208 gloriam
799 2145 880 2191 ruam
898 2137 929 2192 in
947 2152 996 2190 me
1015 2143 1191 2207 peccatore.

453 2281 460 2302 ,ι
503 2275 512 2312 ι
544 2271 600 2328 111,
635 2271 685 2329 De
700 2271 938 2341 familiaritate.
1017 2336 1021 2346 ,

291 2391 372 2446 Rara
396 2391 486 2446 etiam
509 2402 539 2446 at
565 2393 669 2446 eadem
695 2393 798 2448 brevis
821 2392 1005 2447 familiaritas
1027 2389 1154 2462 prodest
1173 2407 1279 2470 sacer.

222 2483 298 2540 dori.
332 2471 537 2540 Verissimum
551 2487 629 2539 enirn
648 2495 693 2541 est
711 2485 740 2542 id
757 2485 974 2558 proverbium:
993 2486 1079 2541 amici
1102 2485 1183 2538 iures
1197 2495 1277 2539 tama

220 2578 315 2649 poris.
367 2573 458 2650 Quod
490 2579 514 2632 si
548 2579 635 2635 amici
668 2580 751 2636 fures
783 2591 853 2636 sunt
882 2579 1047 2652 temporis,
1086 2579 1157 2650 quid
1183 2589 1277 2634 erunt
1360 2609 1361 2674 ι

221 2671 355 2728 extranei
381 2682 410 2724 et
441 2672 563 2742 ignoti
558 2674 606 2726 vel
628 2673 726 2730 minus
747 2672 928 2731 familiares?
956 2670 1094 2734 Verum
1086 2692 1116 2729 ιιι
1136 2674 1184 2730 his
1201 2691 1277 2759 pru.

219 2765 319 2822 dantia
342 2780 458 2826 summa
477 2765 538 2820 ribi
565 2783 641 2840 opus
663 2769 773 2837 luerit,
800 2787 838 2823 ne
861 2751 979 2825 soilioet
1003 2767 1128 2823 nimium
1155 2750 1276 2838 fugiens

168 2909 174 2922 ,
218 2857 380 2914 hominum
403 2863 598 2929 convictum,
625 2863 793 2918 daernonum
815 2865 977 2920 sorielales
999 2861 1127 2920 incidas.
1146 2879 1276 2954 rursus,

218 2955 244 3008 si
261 2949 384 3008 nimiam
403 2955 543 3022 accedas,
562 2973 577 3009 a
594 2955 696 3028 porcis
715 2933 914 3014 conculceris.
954 2961 1057 3032 itaqua
1076 2961 1100 3016 si
1126 2969 1158 3014 te
1180 2977 1276 3028 vora.

218 3049 298 3104 verit
317 3049 403 3104 Deus
427 3051 510 3119 (si
496 3051 701 3106 neceesarium
716 3054 807 3109 fuerit
824 3055 957 3122 servire,
977 3055 1157 3124 consulere,
1176 3053 1277 3108 collo.

218 3141 269 3214 qui
291 3145 449 3214 proximo,
467 3146 514 3199 vel
532 3163 587 3216 pro
604 3145 717 3215 salure,
737 3156 786 3202 aur
806 3147 859 3201 alia
881 3150 1061 3204 necessitate
1077 3147 1159 3202 adid
1180 3148 1275 3205 furris
1358 3211 1359 3225 χ

219 3237 384 3310 quaesitus)
408 3255 534 3310 prorsus
554 3240 605 3294 lex
623 3252 652 3295 et
674 3231 774 3318 regula
793 3239 1000 3316 cojuscunque
1022 3231 1148 3298 instituti
1171 3244 1215 3298 tui
1241 3251 1274 3296 re

218 3333 370 3396 retineat:
398 3333 536 3400 charitati
561 3336 658 3389 omnia
684 3337 734 3390 lex
756 3335 845 3392 debet
865 3337 974 3392 cedere
1000 3338 1090 3394 eriam
1109 3337 1218 3392 orandi
1243 3344 1275 3390 et

216 3427 424 3484 sacrificandi:
450 3429 500 3484 ubi
524 3446 599 3484 vero
624 3447 685 3485 non
704 3431 839 3494 vocaris,
860 3433 932 3486 nulli
954 3441 984 3486 te
1006 3432 1142 3500 ingeras,
1169 3447 1209 3486 ne
1229 3431 1274 3486 iu.
1357 3465 1358 3468 =

218 3519 310 3594 sipias
318 3558 393 3583 .....
401 3557 410 3584 .
429 3524 506 3580 velle
516 3561 587 3582 .....
598 3511 652 3592 ’.3)
672 3533 702 3580 et
718 3527 820 3581 anima
837 3515 894 3580 riaae
907 3525 1029 3598 pariaris
1044 3525 1274 3580 detrimentum.

515 3715 516 3720 ,
588 3659 641 3717 IV.
679 3659 727 3715 De
750 3670 898 3718 oratione.

285 3765 411 3824 Memor
434 3779 517 3829 earo·
547 3781 578 3826 te
604 3775 794 3828 sacerdotem
820 3789 909 3834 esse,
941 3773 1064 3839 idest,
1095 3771 1273 3826 ministrum

67 3862 70 3873 ’
159 3931 165 3938 ·
219 3847 410 3918 communem
424 3875 454 3918 et
467 3865 635 3935 publicum:
658 3871 786 3939 ideoque
798 3884 859 3923 non
870 3883 926 3936 pro
939 3877 969 3923 re
985 3868 1269 3937 tantum,quarilam
1355 3889 1356 3959 ι

221 3971 743 3996 ...............-.......-

272 4039 302 4086 ιι)
332 4031 391 4092 «βιιι
408 4036 435 4089 ιιι
450 4037 500 4086 ιιιιι
515 4035 581 4088 aare
602 4040 636 4088 ιιιι
652 4039 718 4093 arra-
