2760 4556
228 295 286 356 aaa
569 357 574 372 ,
708 281 799 364 ists.

228 463 334 506 verum
357 459 425 503 esse
450 434 611 500 conliteara
636 438 709 495 nolo
736 437 864 495 verbum
892 435 976 508 Ilei,
1002 439 1055 510 qui
1075 431 1195 496 mentiri
1220 436 1280 510 (ut

227 542 297 610 ills)
322 557 384 596 uon
402 545 520 614 potest,
542 540 666 606 propter
688 533 765 588 illius
786 531 914 588 verbum
936 549 1056 603 negare.
1092 531 1164 590 Noa
1183 533 1278 604 igitur

226 629 371 692 relatione
394 631 546 700 iudignum
567 637 636 696 est,
668 623 746 695 (uisi
771 628 842 682 dum
870 626 954 682 alteri
980 627 1056 684 velis
1085 635 1219 684 mortem
1246 637 1281 684 et

225 727 425 802 perditionem
443 723 543 779 moliri
560 721 624 777 siae
643 717 756 786 causa)
781 721 895 788 dicere,
916 722 997 793 quod
1015 721 1098 794 Papa
1113 731 1164 776 aut
1178 721 1278 777 sancti
1361 729 1362 736 ’

224 822 332 896 Patres¹
351 815 510 892 aliquoties
528 815 674 876 torserint
693 813 878 886 Scripturas,
899 827 930 870 et
953 817 983 872 iu
1002 815 1131 872 alienum
1152 829 1279 871 sensum
1361 831 1362 840 ¹

225 915 309 972 abusi
325 915 394 972 sint.
431 913 493 967 Aut
513 911 537 966 si
556 909 586 965 id
601 908 794 982 pertinaciter
816 921 958 979 negatur,
980 909 1044 980 jam
1067 919 1098 964 st
1113 907 1228 982 Papam
1246 917 1279 964 et

224 1010 350 1065 Sanctus
368 1006 530 1062 haereticos
548 1011 580 1060 st
600 1004 709 1076 impios
734 984 897 1071 faciemus,
924 1012 958 1058 at
980 1019 1057 1076 quos
1080 1002 1278 1061 manifestum

129 1154 138 1169 ,
224 1111 272 1159 est
292 1101 382 1157 alium
403 1101 486 1171 sequi
508 1113 642 1165 sensum,
670 1112 759 1169 qaam
781 1097 820 1152 sit
847 1096 1069 1170 inscriptura,
1102 1105 1134 1152 et
1156 1095 1187 1152 id
1214 1091 1279 1152 ιιοιι

203 1193 329 1268 ,paucis
346 1193 442 1262 locis,
462 1209 560 1264 neque
578 1207 660 1247 raro.
768 1176 770 1186 ⁴
923 1175 927 1184 ⁸
1357 1249 1362 1256 Α

292 1287 456 1362 Hucusque
475 1287 572 1359 prima
593 1286 640 1342 die
662 1292 844 1348 actumst,
866 1280 895 1340 id
917 1292 978 1354 est,
999 1285 1060 1341 duo
1082 1285 1138 1342 ista
1153 1283 1279 1356 objecta
1361 1291 1362 1344 i

123 1367 146 1432 .'
225 1393 305 1444 sant.
332 1365 418 1440 *Perti
438 1383 517 1438 enim
538 1381 617 1437 diem
636 1380 672 1435 ad
691 1377 932 1448 deliberandum,
952 1389 982 1435 et
1003 1379 1073 1438 abii.
1107 1377 1278 1436 Noneaim
1361 1375 1362 1448 j

226 1497 246 1534 s
262 1495 296 1536 rs
314 1490 380 1534 mea
397 1477 466 1533 iore
485 1475 563 1543 vidi,
581 1473 684 1546 serbis
705 1489 770 1529 rem
788 1490 892 1543 agere,
913 1477 994 1548 quod
1012 1473 1060 1530 ille
1079 1473 1150 1530 loco
1167 1471 1280 1530 Ponti.

226 1573 292 1632 ficis
310 1571 438 1640 sedens,
449 1597 454 1610 ·
465 1569 607 1642 quicquid
625 1569 756 1635 diceret,
770 1642 772 1655 Ι
788 1575 886 1624 ratum
913 1569 989 1640 apud
1007 1583 1057 1623 me
1076 1584 1143 1624 esse
1160 1568 1280 1636 voluit,
1361 1587 1362 1610 1

131 1660 132 1667 '
226 1663 536 1737 rursum,'quicquid
555 1679 612 1732 ego
632 1661 836 1733 opponerem,
862 1660 1053 1746 exsibilatum
1071 1662 1146 1730 fuit,
1170 1659 1281 1732 exple.
1361 1715 1362 1740 ¹

226 1777 309 1829 sum,
327 1761 389 1816 imo
407 1759 540 1816 derisum
558 1761 664 1823 etiam,
683 1757 709 1813 si
730 1773 831 1813 sacras
849 1755 1031 1811 adveherem
1048 1755 1161 1812 literas.
1195 1753 1280 1810 Nam
1361 1751 1362 1772 ¹

226 1856 336 1914 omitto
352 1833 473 1922 dicere,
492 1853 574 1925 quod
595 1860 777 1926 potestatem
793 1847 881 1920 Papae
901 1857 932 1904 et
947 1866 1036 1922 supra
1054 1849 1225 1920 Scripturas
1246 1853 1283 1904 ee

227 1965 316 2022 supra
343 1949 478 2004 Consilia
505 1948 613 2003 tollere
639 1945 825 2012 conabatur,
855 1943 1005 2012 allegans,
1034 1943 1190 2014 quomodo
1212 1943 1278 2012 jam

225 2043 308 2116 Papa
324 2041 485 2098 concilium
505 2037 667 2097 Basiliense
683 2041 868 2114 abrogasset.
903 2038 980 2092 Cum
1002 2053 1107 2092 rursus
1125 2035 1279 2093 Parisiea.
1361 2075 1362 2088 ,

222 2137 268 2195 sis
287 2134 498 2191 U'niversitatis
516 2134 744 2208 appellationem
763 2133 956 2206 allegassem,
974 2130 1140 2200 videbunt,
1158 2131 1278 2202 inquit,
1361 2165 1362 2182 ι

228 2242 333 2298 poenas
366 2241 444 2282 suas.
491 2225 629 2282 Tandem
655 2227 759 2284 nescio
787 2243 865 2300 quos
894 2226 1089 2284 Gereonistas
1113 2225 1277 2281 damnavit.
1361 2277 1362 2280 ,

226 2318 308 2376 Nam
330 2317 493 2374 Basiliense
511 2320 692 2390 concilium,
718 2328 770 2376 aut
785 2329 870 2376 certe
889 2320 1062 2378 Gersooero
1078 2317 1278 2390 allegaveram
1361 2327 1362 2338 ¹

228 2412 259 2468 in
276 2405 547 2480 Resolul'ioaibus,
560 2399 647 2484 quod
660 2412 816 2470 hominem
833 2414 986 2471 movebat.
1361 2463 1362 2512 ἰ

297 2504 455 2574 Breviter,
474 2507 636 2578 paternitas
656 2507 705 2565 illa
724 2509 816 2565 toties
831 2509 1039 2566 illustrissimae
1053 2517 1112 2566 tue
1127 2507 1280 2566 Domina.
1311 2535 1316 2546 -
1361 2579 1362 2592 χ

210 2587 303 2658 ¹tioui
321 2602 469 2674 promissa
488 2616 557 2670 erga
575 2617 623 2656 me
642 2602 672 2656 ia
688 2599 751 2658 boc
770 2603 920 2660 constitit:
948 2611 999 2660 aut
1017 2604 1080 2660 vim
1100 2620 1150 2661 me
1170 2617 1279 2675 passu.
1361 2631 1362 2690 ι

228 2709 317 2765 rum,
344 2705 396 2752 aut
423 2705 654 2753 revocaturum:
687 2713 749 2752 non
774 2697 853 2753 enim
882 2697 1034 2771 disputare
1060 2713 1127 2756 sese
1153 2712 1278 2756 mecon
1361 2731 1362 2748 ι

229 2790 305 2846 velle
333 2787 440 2860 ajebat.
487 2788 621 2864 Ideoque
644 2791 803 2886 consilium
832 2793 907 2862 fuit,
934 2794 1055 2866 scriptis
1073 2794 1275 2864 respondere,

229 2901 294 2958 quae
313 2885 342 2940 id
358 2895 442 2939 certe
459 2886 611 2956 oppressis
627 2873 935 2958 praebentsolatium,
953 2888 1036 2959 quod
1054 2887 1184 2943 aliorum
1199 2904 1275 2960 quo.
1361 2907 1362 2974 ι

211 2993 287 3078 que
297 2979 414 3050 judicio
432 2979 596 3036 examinari
617 2989 762 3054 possunt,
781 2989 811 3035 et
825 2981 961 3037 nonnihil
979 2979 1276 3054 conscientiamque

211 3035 371 3127 timoris
364 3073 513 3128 insudant
530 3073 640 3148 alioqui
658 3075 760 3132 verbis
778 3075 961 3146 praevalenti.

299 3167 403 3222 Altera
428 3169 529 3240 itaque
554 3170 601 3224 die
625 3169 724 3240 redii,
754 3175 785 3224 et
812 3185 933 3224 mecum
963 3169 1147 3224 reverendus
1182 3167 1276 3225 Pater

225 3255 362 3330 vicarius
376 3259 532 3316 iohannes
551 3257 728 3334 Staupitius,
747 3262 797 3334 qai
814 3263 934 3318 interim
951 3259 1128 3331 advenerat,
1146 3279 1277 3336 praesen.
1361 3249 1362 3260 ¹

225 3353 366 3424 tibusque
399 3365 528 3426 quatuor
562 3357 726 3425 insignibus
750 3358 824 3412 viris
855 3357 995 3412 Caesarem
1023 3357 1195 3428 Majestatis
1229 3374 1277 3416 se.

225 3447 398 3504 aratoribus:
418 3451 495 3520 ooepi
509 3465 612 3504 coram
627 3451 764 3518 notario,
781 3449 1081 3521 quemradduxeranu
1099 3453 1278 3523 protestari,
1361 3435 1362 3482 l

225 3555 275 3614 rue
289 3541 365 3596 nihil
379 3541 456 3596 velle
472 3545 573 3598 dicere
585 3533 635 3598 aut
646 3545 802 3599 dicturam
817 3559 884 3598 esse
899 3559 1046 3614 uuquam,
1066 3546 1148 3616 quod
1166 3555 1275 3602 eontra
1361 3531 1362 3570 ³

142 3659 147 3666 ·
225 3643 335 3698 sauctae
348 3633 496 3706 qulesias
518 3635 663 3692 Romanae
681 3637 850 3695 doctrinam
872 3648 970 3706 esset,
988 3651 1187 3736 paratamque
1206 3655 1275 3696 esse
1307 3709 1321 3724 ⁸

226 3722 335 3781 doceri
346 3745 380 3783 ao
397 3731 482 3793 duci,
501 3731 597 3787 sicubi
613 3747 776 3800 errassem,
795 3727 958 3801 subjiciens
974 3749 1041 3788 mea
1056 3733 1136 3788 dicta
1152 3749 1274 3791 summo

76 3891 80 3905 ν
161 3896 167 3907 x
225 3815 382 3890 Pontifici,
401 3823 506 3880 deinde
522 3839 652 3897 quatuor
670 3823 940 3888 Universitatibu82
959 3807 1130 3894 Basilreosi,
1148 3826 1276 3884 Fribar.

227 3915 331 3988 gensi,
355 3915 554 3976 Lovaaieusi:
580 3919 714 3987 tandem,
740 3921 766 3976 si
789 3921 852 3977 boo
873 3936 935 3978 noa
956 3930 1038 3978 esset
1063 3922 1152 3990 satis,
1181 3921 1275 3980 etiam
