2756 4558
397 157 440 226 ·'‘
534 185 544 242 t

237 310 299 380 aas
473 264 477 274 ’
720 305 810 378 rste.
897 323 900 340 ·

235 471 304 528 libri
326 467 514 528 efferrentur.
550 462 642 522 Nulla
660 463 716 533 alia
735 452 896 526 reinuidis
919 472 951 521 et
974 461 1101 522 ambitio
1128 463 1284 537 impudea'.

236 568 297 622 tius
314 579 348 620 aa
366 559 554 620 ostendebat.
700 625 704 644 1
822 586 828 618 r

305 658 339 714 In
355 640 413 711 'tine
429 645 687 711 subdotue'hcmo
712 653 1002 716 omnia'eonceasite'
1016 669 1083 727 quae
1100 653 1283 712 Carietadiaa

142 735 146 746 Υ
236 737 402 822 arguebat,
430 765 496 822 quaa
511 757 620 804 tamen
645 748 766 805 fortiter
787 749 994 822 impugnarat,
1020 749 1206 806 eromuino
1231 765 1283 822 per

236 848 335 905 omnia
352 861 423 902 cum
445 861 482 899 eo
506 835 676 912 consensit,
694 839 882 914 glorificans,
907 845 988 929 qnod
1008 845 1040 902 in
1059 827 1143 900 sumit
1163 853 1283 898 senten.

25 939 30 952 ¹
127 987 141 994 ..
190 1007 197 1018 Ι
234 943 306 1003 tiam
327 939 526 1012 pertraxisset
549 937 758 997 Caristadium.
797 938 877 996 Nam
898 939 1025 996 Scotum
1049 951 1119 1004 otuu
1144 936 1284 994 Scotietia

234 1046 265 1092 et
285 1035 467 1106 capreolum
485 1049 555 1090 curn
573 1033 744 1090 Thomistis
762 1033 885 1104 rejecit,
904 1033 1179 1100 dicens„eateroa
1192 1031 1284 1090 echo.

233 1130 358 1188 lasticoa
378 1129 458 1184 idem
476 1139 507 1184 et
526 1127 661 1198 sapuisse
683 1137 714 1182 et
730 1127 888 1200 docuisse,
906 1127 987 1199 qood
1002 1125 1199 1194 Caristadius.
1242 1125 1285 1182 lta

233 1211 344 1280 cecidi't
365 1232 437 1278 tunc
454 1221 564 1278 scotus
584 1231 615 1278 ct
634 1221 818 1292 Capreolus,
847 1223 878 1278 id
900 1230 965 1292 eet,
989 1222 1058 1278 duae
1078 1221 1285 1278 celeberrimae

233 1318 380 1416 {acueres
396 1317 596 1373 Scotietarum
614 1323 644 1371 et
661 1315 903 1376 Themistarum.

300 1413 406 1468 Altera
425 1413 589 1484 septimana
610 1425 732 1465 meeum
755 1411 938 1484 disceptavit.
980 1409 1118 1468 Primum
1137 1411 1285 1466 acerrime

230 1509 268 1565 da
296 1508 427 1580 primatu
448 1506 578 1562 Romani
604 1503 772 1563 Pontificio.
813 1505 889 1578 Ejus
915 1505 1228 1562 virtus'consistebat
1254 1506 1284 1560 iu

231 1601 346 1678 verbo:
377 1600 424 1659 Tu
445 1616 477 1656 es
499 1599 624 1664 Petram,
643 1609 689 1656 et:
712 1614 889 1678 pasceoues
916 1615 1020 1670 meas,
1044 1615 1236 1675 sequererne
1258 1605 1286 1654 et

231 1695 382 1764 confirm
394 1674 521 1772 fratres
537 1699 621 1758 taos,
642 1693 789 1763 adjunctis
804 1677 906 1750 mu'ltis
923 1694 1135 1752 autoritatibus
1146 1693 1285 1752 Patriam.

189 1779 193 1794 '
229 1789 297 1860 Ego
316 1791 388 1862 quid
408 1789 638 1862 responderim,
665 1787 782 1846 videbis
801 1779 985 1860 propediem.
1029 1788 1150 1845 Deinde
1172 1789 1208 1843 ad
1228 1803 1285 1844 ex.

148 1895 159 1948 ξ
230 1895 363 1940 tremum
382 1885 525 1954 veniens,
552 1891 634 1939 totus
652 1883 809 1938 inclinatus
832 1882 981 1938 recumbit
1000 1882 1031 1938 in
1051 1881 1184 1938 concilio
1204 1881 1285 1938 Cen.

231 1980 403 2046 mandensi,
432 1981 514 2051 quod
536 1979 690 2036 damnarat
712 1959 872 2032 articulum
899 1976 1008 2044 Hussi,
1026 1977 1076 2048 qui
1092 1977 1214 2032 dixerat
1234 1993 1285 2048 pa.

162 2069 167 2083 ¹
228 2083 333 2146 patum
350 2087 366 2128 a
386 2073 504 2128 Caesare
524 2089 614 2142 esse,
637 2071 720 2143 quasi
739 2071 779 2126 sit
794 2070 864 2140 jure
884 2070 996 2126 divino.
1036 2069 1127 2126 Tunc
1148 2073 1233 2128 velut
1254 2073 1283 2128 in

131 2179 137 2186 ’
229 2166 342 2222 harena
357 2184 410 2221 sua
428 2167 549 2222 fortiter
568 2165 714 2234 instabat,
733 2164 867 2250 Biiemos
883 2164 956 2218 mihi
975 2163 1120 2235 objiciens
1132 2173 1170 2220 et
1189 2167 1283 2238 palam

170 2263 173 2272 “
229 2259 408 2316 haereticum
424 2269 454 2316 et
470 2259 830 2332 patronum'Biiemorum
848 2257 1020 2314 criminans.
1056 2257 1113 2314 Est
1124 2259 1282 2316 enim‘ncn

229 2355 330 2409 minus
349 2353 520 2424 impudens,
540 2364 630 2424 quam
650 2353 828 2410 temerarius
847 2345 994 2424 sophista.
1030 2351 1148 2408 Mirum
1169 2353 1200 2410 in
1219 2357 1284 2410 nlo.

230 2447 302 2501 dum
318 2445 384 2502 baec
403 2441 545 2518 erimina,
564 2448 630 2519 plus
646 2464 736 2520 quam
755 2447 915 2518 disputatio
931 2445 1011 2519 ipsa,
1030 2445 1192 2519 Lipeensea
1212 2449 1285 2506 riri.

229 2538 342 2597 larunt.
615 2575 620 2610 ι

270 2636 277 2650 “
296 2633 364 2703 Ego
382 2650 505 2690 rursum
522 2635 648 2706 opposui
666 2632 793 2691 Graecos
812 2650 866 2706 per
878 2633 965 2688 mitte
987 2651 1083 2691 anuos
1098 2644 1129 2691 et
1143 2637 1283 2710 antiquos

220 2709 357 2798 Patres,
389 2728 439 2800 qui
467 2745 527 2784 non
553 2726 679 2808 fuissent
699 2729 756 2784 sub
780 2729 909 2784 Romani
935 2727 1091 2786 Pontificio
1112 2742 1279 2802 potestate.

229 2837 400 2896 quanquam
418 2823 585 2900 ‚primatum
611 2824 739 2882 honoris
767 2825 794 2879 ei
820 2841 882 2878 non
903 2823 1054 2894 negarem.
1100 2825 1143 2883 Et
1163 2829 1283 2883 tandem

230 2917 268 2972 de
282 2919 403 2974 concilii
423 2935 545 2992 quoque
566 2919 726 2974 autoritate
749 2919 943 2992 disputatum.
979 2919 1045 2989 Ego
1066 2905 1163 2992 palam
1186 2924 1282 2978 fassus

230 3011 315 3074 suan,¹
343 3028 410 3068 esse
432 3012 547 3086 aliquot
570 3012 714 3068 articulos
733 3014 833 3085 inique
853 3013 1030 3080 damnatos,
1054 3017 1159 3088 utqui
1184 3023 1283 3072 essent

228 3103 333 3174 Pauli,
364 3106 542 3176 Augustini,
569 3106 697 3188 denique
719 3107 811 3180 ipsius
837 3111 977 3177 Christi,
1005 3109 1115 3181 apertis
1140 3120 1173 3165 et
1195 3111 1283 3166 claris

227 3200 332 3256 verbis
358 3201 458 3256 docti.
498 3187 559 3255 Hie
585 3217 661 3256 vero
692 3187 833 3260 intumuit
864 3205 967 3280 vipera
983 3243 994 3273 ,
1027 3213 1057 3258 et
1090 3206 1281 3276 exaggeravit

106 3341 111 3356 .
138 3327 143 3332 -
227 3309 330 3350 meum
348 3295 462 3360 scelus,
483 3305 514 3349 et
536 3311 618 3366 paene
637 3297 776 3352 insanivit
794 3299 939 3382 adulando
959 3297 1167 3369 Lipsensibus.
1204 3299 1282 3356 Tan.

227 3389 296 3444 dem
315 3389 447 3478 probavi⁸
461 3405 500 3445 ex
519 3390 612 3462 ipsius
630 3393 750 3448 concilii
776 3393 898 3456 verbis,
927 3409 989 3448 non
1011 3407 1116 3448 omnes
1138 3393 1283 3450 articulos

226 3483 338 3543 ibidem
359 3485 515 3541 damnatos
535 3501 601 3540 esse
620 3485 781 3544 haereticos
800 3500 830 3542 et
852 3503 1017 3554 erroneos,
1038 3489 1107 3543 ideo
1123 3487 1198 3544 nibil
1216 3503 1283 3544 enm

198 3607 200 3614 ι
227 3578 366 3634 effecisse
384 3581 446 3636 suis
463 3579 710 3652 probationibuet
731 3590 761 3634 et
779 3584 823 3639 sic
846 3583 956 3654 pendet
974 3583 1111 3638 istares.

296 3673 402 3733 Tertia
427 3659 635 3740 hebdomada,
659 3677 696 3730 de
724 3678 920 3748 poenitentia,
940 3678 977 3732 de
1001 3679 1211 3750 purgatorio,
1248 3679 1285 3732 de

227 3766 439 3836 indulgentiis,
473 3772 509 3824 de
535 3779 684 3843 potestate
715 3771 888 3826 absolvendi
921 3771 1081 3842 cujuslibet
1115 3773 1286 3828 sacerdotis

140 3936 145 3944 Ι
228 3862 652 3935 disputatumestinternos.
685 3865 852 3921 Namcum
868 3864 1035 3930 Caristadio
1056 3865 1285 3938 invitoadiepu.

228 3957 331 4018 tabat,
350 3973 398 4012 me
423 3973 497 4012 vero
519 3955 609 4012 unice
633 3959 764 4032 petebat.
800 3959 994 4027 Indulgentiae
1013 3975 1086 4029 sane
1105 3960 1285 4014 ceciderunt

232 4051 387 4106 funditus:
415 4061 449 4120 et¹
466 4067 586 4107 meeum
606 4069 661 4126 per
684 4055 783 4108 omnia
801 4053 865 4109 t'ere
888 4053 1057 4120 consensit,
1083 4063 1113 4108 et
1136 4054 1167 4108 in
1187 4053 1283 4108 risam
