2686 4558
210 347 272 428 las
333 415 335 418 .
697 353 871 424 1520.¹

675 540 698 598 J
705 559 803 599 esus.

210 671 362 764 Salutem.
397 705 517 764 Literas
537 715 606 764 tuas
623 722 665 762 ex
680 707 870 776 Altenburgo
890 706 974 764 datas
995 706 1066 764 heri
1089 711 1219 782 accepi,
1238 713 1280 772 ni

209 803 372 876 Spalatine:
384 805 443 884 'sed
462 805 652 876 posteriores
668 821 706 858 ex
723 803 858 860 Buttstet
872 803 954 874 prius
974 803 1174 875 acceperam.
1192 805 1281 862 Nihil

209 913 310 955 actum
335 891 381 956 est
403 903 440 956 de
462 919 510 956 me
533 917 562 954 m
582 899 743 968 Eisleben,
777 899 833 954 nisi
859 901 942 970 quod
966 899 1102 955 Carolus
1129 899 1281 958 Miluuus

208 995 336 1050 consilio
356 997 452 1066 petito
473 1015 488 1050 a
506 994 649 1052 Patribus
672 996 788 1049 tandem
808 993 955 1072 obtinuit,
975 1003 1008 1048 ut
1029 994 1070 1050 R.
1099 993 1141 1050 P.
1161 995 1282 1066 Staupi.

206 1091 267 1145 tius
292 1103 323 1144 et
340 1093 485 1148 novellus
501 1091 638 1146 Vicarins
658 1089 860 1144 Wenoeslaus
875 1080 913 1144 ad
930 1104 980 1142 me
1004 1089 1188 1161 profecturi
1211 1107 1281 1145 ora.

206 1195 276 1240 rent
300 1203 366 1254 me,
386 1197 418 1242 ut
438 1189 539 1242 literas
560 1187 700 1258 privatim
721 1187 758 1242 ad
775 1179 868 1248 ttoni
884 1183 1069 1240 Pontificem
1089 1185 1279 1250 scriberem,

208 1289 399 1350 contestanS,
419 1283 491 1338 nihil
514 1283 612 1336 rrie'in
632 1296 791 1354 personam
814 1295 899 1334 suam
915 1295 1047 1352 unquam
1068 1279 1171 1336 ruisse
1190 1281 1280 1335 moli.

142 1405 143 1408 =
205 1382 286 1442 tum,
315 1383 437 1448 speraris
458 1377 519 1431 hoc
541 1377 669 1432 consilio
688 1393 754 1430 rem
773 1375 850 1430 bene
867 1373 1053 1430 habituram.

274 1469 341 1530 Eoi
368 1473 430 1527 hoc
456 1473 532 1544 apud
559 1489 607 1526 mc
632 1471 705 1526 nihil
733 1471 822 1538 facit,
847 1453 1001 1540 nec'apud
1020 1466 1156 1538 Patres,
1176 1479 1275 1525 umen

204 1579 273 1619 mos
298 1579 422 1633 geretur
439 1565 577 1630 homini,
602 1567 683 1620 forro
701 1584 755 1636 per
773 1566 835 1621 hoc
854 1581 914 1619 suaa
933 1581 1059 1635 quoque
1079 1580 1193 1623 causa
1204 1582 1274 1620 oon.

204 1658 330 1714 auituro.
369 1661 505 1716 Scribam
532 1663 632 1732 itaque
658 1660 687 1714 id
714 1662 795 1732 ‹luod
821 1677 871 1714 res
899 1669 963 1725 est,
990 1660 1068 1714 nihil
1086 1678 1229 1734 uuquam
1245 1663 1274 1718 ia

202 1768 251 1808 me
271 1755 380 1824 luisse,
399 1759 479 1826 quod
499 1759 529 1810 in
547 1771 708 1827 personam
725 1753 885 1810 Pontificis
903 1765 1079 1824 raperetur:
1102 1757 1271 1827 quidecim

192 1841 243 1906 ’.οἱ-
260 1849 376 1905 facilius
402 1863 432 1908 et
458 1851 559 1908 verius
584 1851 720 1906 scribere
739 1851 891 1922 possum?
927 1848 1082 1904 Caeteruru
1102 1853 1213 1908 sedem
1228 1853 1271 1923 ip.

203 1959 268 1999 sam
287 1959 317 2000 et
336 1963 374 2000 ne
393 1947 526 2002 atrocius
545 1959 672 2004 tractem
693 1948 771 2001 inter
789 1943 1003 2013 scribendum
1022 1926 1203 2002 cavenduiu
1217 1947 1270 2002 erit

202 2039 294 2096 milii:
316 2053 494 2114 aspergetur
514 2043 695 2102 tamensale
714 2057 781 2098 suo.

223 2123 226 2132 ’
271 2135 384 2194 ltntten
410 2138 513 2194 literas
535 2139 571 2194 ad
598 2153 647 2192 me
673 2137 754 2192 dedit
780 2134 892 2205 ingenti
917 2133 1026 2206 spiritu
1051 2145 1220 2192 aestuantes
1236 2137 1267 2191 io

200 2224 292 2282 Rom.
320 2229 520 2304 Pontificem,
547 2233 685 2288 scribens
706 2247 738 2286 se
754 2231 819 2302 jam
840 2235 871 2284 et
888 2227 984 2284 literis
1005 2238 1036 2282 et
1060 2231 1158 2284 armis
1173 2233 1201 2286 in
1222 2239 1265 2300 tp.

200 2321 355 2374 renuidem
378 2326 598 2380 sacerdotalem
619 2342 730 2382 ruere:
759 2334 881 2393 motus,
906 2323 988 2396 quod
1014 2325 1169 2380 Pontifex
1190 2327 1264 2382 sicas

201 2421 230 2469 et
249 2429 398 2468 venenum
420 2418 445 2470 ei
459 2419 641 2492 intentarit,
661 2437 697 2474 ao
714 2419 869 2492 Episcopo
888 2417 1078 2488 Mogutrtino
1098 2421 1263 2489 mandarit,

188 2521 321 2578 vcaptum
349 2519 378 2564 et
404 2514 539 2566 vinetum
567 2513 701 2570 Romam
725 2515 858 2569 mittere.
901 2513 929 2568 Ο
964 2513 1087 2582 dignam
1124 2514 1262 2585 (inquit)

199 2620 282 2658 caeco
300 2603 450 2660 Pontifice
469 2607 660 2664 dementiam.
695 2607 820 2672 Videbis
840 2607 1014 2681 exemplar,
1040 2608 1095 2663 ubi
1115 2623 1258 2680 recepero

199 2697 236 2754 ab
255 2687 389 2756 Iit-mico
409 2701 589 2763 Stromero:
621 2703 646 2759 is
666 2703 745 2758 euim
764 2703 874 2775 petivit
892 2689 1005 2758 videre.

267 2795 426 2852 Malorum
452 2815 548 2854 causas
576 2801 716 2868 accedit,
745 2802 829 2870 quod
857 2796 1030 2872 Episcopus
1057 2795 1263 2870 Mamurius

197 2905 253 2962 per
281 2895 455 2949 conciones·
471 2895 640 2964 mandavit,
667 2885 791 2951 Hutteni
818 2895 941 2964 nomine
966 2909 1144 2968 expresso,
1168 2893 1261 2948 libros

159 2983 160 2992 ’
198 2985 263 3056 ejus
283 2999 389 3042 contra
407 2987 581 3046 Romanum
599 2980 782 3046 Pontificem
801 3007 900 3062 neque
918 2991 976 3059 legi
996 3007 1097 3060 neque
1116 2989 1192 3058 emi,
1205 2985 1262 3045 sub

199 3084 526 3140 excommunicationis
552 3083 719 3153 sententia,
748 3066 866 3156 adjecto
886 3085 914 3139 in
934 3083 1012 3149 fine,
1041 3085 1171 3140 eandem
1195 3101 1263 3140 seu-

197 3177 321 3231 tentiam
340 3179 377 3233 de
398 3179 545 3257 similinus
561 3179 668 3248 libris,
689 3181 740 3234 ubi
761 3195 847 3236 ineos
869 3180 991 3234 occulte
1013 3190 1111 3237 taxat.
1147 3179 1260 3234 Verum

197 3271 222 3328 ei
243 3283 273 3327 et
291 3290 340 3328 me
353 3275 393 3328 ita
408 3253 587 3346 nominatim
604 3277 797 3346 tractaverit,
812 3277 938 3348 jungam
954 3276 1092 3331 Hulteno
1111 3285 1144 3331 et
1158 3290 1261 3330 meum

197 3367 336 3436 spiritum
347 3396 362 3438 ,·
382 3370 422 3423 ita
444 3387 494 3424 me
518 3380 738 3437 excusaturus,
764 3379 798 3424 ut
825 3369 1014 3444 Episcopum
1041 3371 1262 3442 Moguntinum

195 3475 257 3516 non
276 3463 331 3518 sim
353 3463 571 3521 letificaturus:
598 3467 680 3534 forte
700 3464 790 3520 linem
809 3465 957 3534 tyrannidi
977 3482 1038 3522 sure
1055 3467 1115 3538 ipsi
1134 3465 1194 3524 ubi
1211 3483 1264 3522 ac-

198 3554 330 3610 celerant
350 3558 412 3613 hoc
431 3559 570 3614 coiisilio.
1180 3621 1186 3640 Ι

266 3651 313 3704 Ad
332 3666 381 3705 me
401 3656 505 3709 redeo.
541 3655 613 3710 Non
636 3643 760 3713 fueruni
778 3671 833 3713 sex
846 3639 1005 3713 Doctores
1024 3657 1101 3728 apud
1119 3673 1188 3728 me,
1206 3661 1263 3716 aad

196 3742 257 3798 duo
284 3753 400 3799 tantum
424 3747 535 3804 'Vioarii
554 3751 684 3821 Staupitz
702 3761 732 3806 et
749 3753 789 3806 W
793 3753 950 3808 enceslaus
972 3767 1043 3806 ciam
1063 3751 1181 3824 aliquot
1199 3754 1264 3809 fra.

196 3837 304 3896 tribus.
323 3883 326 3890 ,
342 3839 462 3916 Quibus
486 3825 626 3907 omnibus
650 3863 741 3902 causa
761 3863 827 3902 mea
848 3863 909 3902 non
930 3847 1094 3918 displicet,
1119 3849 1264 3920 displicet

197 3945 297 4006 autem
321 3935 574 3995 Romanensibus.
621 3939 749 4012 Nuptias
769 3932 923 3996 'Eislcben
937 3941 1111 4010 *magnifice
1139 3943 1262 3997 ornavit

132 4031 135 4036 '
189 4029 348 4100 illustriss.
375 4031 523 4106 Princeps
548 4049 642 4090 cervo
667 4033 802 4092 donato:
830 4052 923 4109 quare
947 4038 1060 4108 gratias
1080 4055 1141 4110 pro
1164 4029 1258 4095 nobi}

198 4139 266 4192 agae
285 4126 466 4195 magnificas.
841 4115 843 4125 ¹
