<?xml version="1.0" encoding="UTF-8"?>
<!DOCTYPE html PUBLIC "-//W3C//DTD XHTML 1.0 Transitional//EN"
    "http://www.w3.org/TR/xhtml1/DTD/xhtml1-transitional.dtd">
<html xmlns="http://www.w3.org/1999/xhtml" xml:lang="en" lang="en">
 <head>
  <title>
</title>
<meta http-equiv="Content-Type" content="text/html;charset=utf-8" />
  <meta name='ocr-system' content='tesseract 3.04.00' />
  <meta name='ocr-capabilities' content='ocr_page ocr_carea ocr_par ocr_line ocrx_word'/>
</head>
<body>
  <div class='ocr_page' id='page_1' title='image "./briefesendschre07luthgoog/briefesendschre07luthgoog_0220.png"; bbox 0 0 2760 4556; ppageno 0'>
   <div class='ocr_carea' id='block_1_1' title="bbox 382 295 1165 410">
    <p class='ocr_par' dir='ltr' id='par_1_1' title="bbox 382 295 1165 410">
     <span class='ocr_line' id='line_1_1' title="bbox 382 295 1165 410; baseline 0.014 -14"><span class='ocrx_word' id='word_1_1' title='bbox 382 389 389 396; x_wconf 91' lang='lat'><em>.</em></span> <span class='ocrx_word' id='word_1_2' title='bbox 492 393 495 400; x_wconf 76' lang='grc'>,</span> <span class='ocrx_word' id='word_1_3' title='bbox 592 342 681 410; x_wconf 77' lang='lat' dir='ltr'>rus.</span> <span class='ocrx_word' id='word_1_4' title='bbox 859 295 862 304; x_wconf 45' lang='lat'>¹</span> <span class='ocrx_word' id='word_1_5' title='bbox 964 383 971 394; x_wconf 82' lang='lat'><em>.</em></span> <span class='ocrx_word' id='word_1_6' title='bbox 1092 343 1165 408; x_wconf 48' lang='lat' dir='ltr'>»sss</span> 
     </span>
    </p>
   </div>
   <div class='ocr_carea' id='block_1_2' title="bbox 99 497 1262 3398">
    <p class='ocr_par' dir='ltr' id='par_1_2' title="bbox 99 497 1177 1708">
     <span class='ocr_line' id='line_1_2' title="bbox 180 497 1169 577; baseline 0.002 -21"><span class='ocrx_word' id='word_1_7' title='bbox 180 499 320 577; x_wconf 76' lang='lat' dir='ltr'>Quodsi</span> <span class='ocrx_word' id='word_1_8' title='bbox 341 515 391 557; x_wconf 86' lang='lat' dir='ltr'>me</span> <span class='ocrx_word' id='word_1_9' title='bbox 413 499 610 557; x_wconf 77' lang='lat' dir='ltr'>fraterculum</span> <span class='ocrx_word' id='word_1_10' title='bbox 629 507 661 557; x_wconf 93' lang='lat' dir='ltr'>et</span> <span class='ocrx_word' id='word_1_11' title='bbox 681 497 852 556; x_wconf 86' lang='lat' dir='ltr'>mendicum</span> <span class='ocrx_word' id='word_1_12' title='bbox 871 515 932 572; x_wconf 83' lang='lat' dir='ltr'>prae</span> <span class='ocrx_word' id='word_1_13' title='bbox 952 500 1044 570; x_wconf 82' lang='lat' dir='ltr'>nimia</span> <span class='ocrx_word' id='word_1_14' title='bbox 1062 501 1169 560; x_wconf 88' lang='lat' dir='ltr'>condi.</span> 
     </span>
     <span class='ocr_line' id='line_1_3' title="bbox 110 593 1167 674; baseline 0.004 -22"><span class='ocrx_word' id='word_1_15' title='bbox 110 595 204 652; x_wconf 87' lang='lat' dir='ltr'>tionis</span> <span class='ocrx_word' id='word_1_16' title='bbox 224 613 300 674; x_wconf 80' lang='lat' dir='ltr'>meaa</span> <span class='ocrx_word' id='word_1_17' title='bbox 319 596 434 652; x_wconf 84' lang='lat' dir='ltr'>vilitate</span> <span class='ocrx_word' id='word_1_18' title='bbox 454 597 671 654; x_wconf 85' lang='lat' dir='ltr'>contemserint</span> <span class='ocrx_word' id='word_1_19' title='bbox 685 593 816 665; x_wconf 90' lang='lat' dir='ltr'>docere,</span> <span class='ocrx_word' id='word_1_20' title='bbox 834 602 865 650; x_wconf 93' lang='lat' dir='ltr'>et</span> <span class='ocrx_word' id='word_1_21' title='bbox 886 593 916 650; x_wconf 90' lang='lat' dir='ltr'>in</span> <span class='ocrx_word' id='word_1_22' title='bbox 935 594 1016 652; x_wconf 83' lang='lat' dir='ltr'>riam</span> <span class='ocrx_word' id='word_1_23' title='bbox 1031 595 1167 656; x_wconf 83' lang='lat' dir='ltr'>veritatis</span> 
     </span>
     <span class='ocr_line' id='line_1_4' title="bbox 111 686 1170 762; baseline 0.004 -17"><span class='ocrx_word' id='word_1_24' title='bbox 111 691 282 758; x_wconf 81' lang='lat' dir='ltr'>reducere:</span> <span class='ocrx_word' id='word_1_25' title='bbox 302 707 375 762; x_wconf 82' lang='lat' dir='ltr'>age,</span> <span class='ocrx_word' id='word_1_26' title='bbox 394 689 480 746; x_wconf 79' lang='lat' dir='ltr'>iaciat</span> <span class='ocrx_word' id='word_1_27' title='bbox 497 700 547 746; x_wconf 91' lang='lat' dir='ltr'>tua</span> <span class='ocrx_word' id='word_1_28' title='bbox 565 686 766 747; x_wconf 83' lang='lat' dir='ltr'>illustrissima</span> <span class='ocrx_word' id='word_1_29' title='bbox 785 687 960 758; x_wconf 77' lang='lat' dir='ltr'>celsitudo,</span> <span class='ocrx_word' id='word_1_30' title='bbox 980 698 1011 744; x_wconf 91' lang='lat' dir='ltr'>et</span> <span class='ocrx_word' id='word_1_31' title='bbox 1030 699 1099 746; x_wconf 88' lang='lat' dir='ltr'>oret</span> <span class='ocrx_word' id='word_1_32' title='bbox 1120 708 1170 748; x_wconf 77' lang='lat' dir='ltr'>re.</span> 
     </span>
     <span class='ocr_line' id='line_1_5' title="bbox 99 779 1177 856; baseline 0.004 -18"><span class='ocrx_word' id='word_1_33' title='bbox 99 779 367 842; x_wconf 71' lang='lat' dir='ltr'>‹verendissimum</span> <span class='ocrx_word' id='word_1_34' title='bbox 380 783 548 842; x_wconf 89' lang='lat' dir='ltr'>Dominum</span> <span class='ocrx_word' id='word_1_35' title='bbox 562 781 728 856; x_wconf 76' lang='lat' dir='ltr'><strong>Legatum,</strong></span> <span class='ocrx_word' id='word_1_36' title='bbox 749 789 783 839; x_wconf 86' lang='lat' dir='ltr'>ut</span> <span class='ocrx_word' id='word_1_37' title='bbox 797 781 903 839; x_wconf 88' lang='lat' dir='ltr'>saltem</span> <span class='ocrx_word' id='word_1_38' title='bbox 917 791 976 838; x_wconf 80' lang='lat' dir='ltr'>tuas</span> <span class='ocrx_word' id='word_1_39' title='bbox 991 782 1177 842; x_wconf 66' lang='lat' dir='ltr'>celsitudini,</span> 
     </span>
     <span class='ocr_line' id='line_1_6' title="bbox 112 877 1170 952; baseline 0.002 -20"><span class='ocrx_word' id='word_1_40' title='bbox 112 877 246 947; x_wconf 87' lang='lat' dir='ltr'>scribat,</span> <span class='ocrx_word' id='word_1_41' title='bbox 264 877 416 952; x_wconf 85' lang='lat' dir='ltr'>inquibus</span> <span class='ocrx_word' id='word_1_42' title='bbox 431 879 614 948; x_wconf 73' lang='lat' dir='ltr'>erraverim,</span> <span class='ocrx_word' id='word_1_43' title='bbox 632 888 663 936; x_wconf 84' lang='lat' dir='ltr'>et</span> <span class='ocrx_word' id='word_1_44' title='bbox 679 877 834 952; x_wconf 88' lang='lat' dir='ltr'>quomodo</span> <span class='ocrx_word' id='word_1_45' title='bbox 849 893 899 932; x_wconf 89' lang='lat' dir='ltr'>me</span> <span class='ocrx_word' id='word_1_46' title='bbox 914 893 1051 934; x_wconf 86' lang='lat' dir='ltr'>errorem</span> <span class='ocrx_word' id='word_1_47' title='bbox 1067 879 1170 934; x_wconf 83' lang='lat' dir='ltr'>emen.</span> 
     </span>
     <span class='ocr_line' id='line_1_7' title="bbox 113 966 1170 1048; baseline 0.006 -22"><span class='ocrx_word' id='word_1_48' title='bbox 113 971 185 1030; x_wconf 83' lang='lat' dir='ltr'>dare</span> <span class='ocrx_word' id='word_1_49' title='bbox 201 983 359 1048; x_wconf 80' lang='lat' dir='ltr'>oporteat,</span> <span class='ocrx_word' id='word_1_50' title='bbox 379 983 413 1030; x_wconf 92' lang='lat' dir='ltr'>nt</span> <span class='ocrx_word' id='word_1_51' title='bbox 430 973 537 1029; x_wconf 88' lang='lat' dir='ltr'>saltem</span> <span class='ocrx_word' id='word_1_52' title='bbox 554 989 609 1046; x_wconf 88' lang='lat' dir='ltr'>per</span> <span class='ocrx_word' id='word_1_53' title='bbox 626 971 858 1032; x_wconf 74' lang='lat' dir='ltr'>illustrissimam</span> <span class='ocrx_word' id='word_1_54' title='bbox 878 980 961 1028; x_wconf 83' lang='lat' dir='ltr'>tuam</span> <span class='ocrx_word' id='word_1_55' title='bbox 974 966 1170 1032; x_wconf 74' lang='lat' dir='ltr'>Dom&#39;inatio-</span> 
     </span>
     <span class='ocr_line' id='line_1_8' title="bbox 113 1049 1171 1140; baseline 0.006 -20"><span class='ocrx_word' id='word_1_56' title='bbox 113 1082 184 1120; x_wconf 89' lang='lat' dir='ltr'>nem</span> <span class='ocrx_word' id='word_1_57' title='bbox 202 1067 312 1140; x_wconf 79' lang='lat' dir='ltr'>audire</span> <span class='ocrx_word' id='word_1_58' title='bbox 330 1083 467 1136; x_wconf 89' lang='lat' dir='ltr'>merear,</span> <span class='ocrx_word' id='word_1_59' title='bbox 484 1067 593 1140; x_wconf 88' lang='lat' dir='ltr'>quibus</span> <span class='ocrx_word' id='word_1_60' title='bbox 614 1067 782 1125; x_wconf 88' lang='lat' dir='ltr'>rationibus</span> <span class='ocrx_word' id='word_1_61' title='bbox 800 1106 810 1136; x_wconf 89' lang='lat'>,</span> <span class='ocrx_word' id='word_1_62' title='bbox 833 1065 942 1140; x_wconf 84' lang='lat' dir='ltr'>quibus</span> <span class='ocrx_word' id='word_1_63' title='bbox 958 1049 1171 1126; x_wconf 63' lang='lat' dir='ltr'>autoritatibus</span> 
     </span>
     <span class='ocr_line' id='line_1_9' title="bbox 114 1161 1171 1240; baseline 0.003 -27"><span class='ocrx_word' id='word_1_64' title='bbox 114 1175 255 1216; x_wconf 87' lang='lat' dir='ltr'>errorem</span> <span class='ocrx_word' id='word_1_65' title='bbox 282 1176 384 1216; x_wconf 90' lang='lat' dir='ltr'>meum</span> <span class='ocrx_word' id='word_1_66' title='bbox 408 1161 567 1218; x_wconf 74' lang='lat' dir='ltr'>confutare</span> <span class='ocrx_word' id='word_1_67' title='bbox 590 1163 716 1236; x_wconf 76' lang='lat' dir='ltr'>possint.¹</span> <span class='ocrx_word' id='word_1_68' title='bbox 763 1161 856 1240; x_wconf 74' lang='lat' dir='ltr'>Quod</span> <span class='ocrx_word' id='word_1_69' title='bbox 878 1163 905 1220; x_wconf 90' lang='lat' dir='ltr'>si</span> <span class='ocrx_word' id='word_1_70' title='bbox 924 1162 1013 1224; x_wconf 83' lang='lat' dir='ltr'>etiam</span> <span class='ocrx_word' id='word_1_71' title='bbox 1032 1161 1171 1219; x_wconf 85' lang='lat' dir='ltr'>illustris.</span> 
     </span>
     <span class='ocr_line' id='line_1_10' title="bbox 114 1234 1170 1329; baseline 0.002 -21"><span class='ocrx_word' id='word_1_72' title='bbox 114 1234 198 1308; x_wconf 63' lang='lat' dir='ltr'>mma}</span> <span class='ocrx_word' id='word_1_73' title='bbox 229 1263 289 1322; x_wconf 74' lang='lat' dir='ltr'>tues</span> <span class='ocrx_word' id='word_1_74' title='bbox 312 1253 521 1312; x_wconf 91' lang='lat' dir='ltr'>Dominationi</span> <span class='ocrx_word' id='word_1_75' title='bbox 550 1257 612 1312; x_wconf 87' lang='lat' dir='ltr'>hoc</span> <span class='ocrx_word' id='word_1_76' title='bbox 641 1257 879 1329; x_wconf 82' lang='lat' dir='ltr'>denegaverint,</span> <span class='ocrx_word' id='word_1_77' title='bbox 906 1255 1039 1311; x_wconf 87' lang='lat' dir='ltr'>scribant</span> <span class='ocrx_word' id='word_1_78' title='bbox 1068 1256 1097 1321; x_wconf 91' lang='lat' dir='ltr'>id</span> <span class='ocrx_word' id='word_1_79' title='bbox 1120 1253 1170 1312; x_wconf 85' lang='lat' dir='ltr'>vel</span> 
     </span>
     <span class='ocr_line' id='line_1_11' title="bbox 115 1333 1171 1430; baseline 0.006 -30"><span class='ocrx_word' id='word_1_80' title='bbox 115 1345 298 1418; x_wconf 83' lang='lat' dir='ltr'>¹Imperatori</span> <span class='ocrx_word' id='word_1_81' title='bbox 313 1347 362 1404; x_wconf 81' lang='lat' dir='ltr'>vel</span> <span class='ocrx_word' id='word_1_82' title='bbox 377 1348 616 1424; x_wconf 79' lang='lat' dir='ltr'>Archiepiscopo</span> <span class='ocrx_word' id='word_1_83' title='bbox 634 1353 720 1420; x_wconf 88' lang='lat' dir='ltr'>alicui</span> <span class='ocrx_word' id='word_1_84' title='bbox 740 1353 770 1410; x_wconf 89' lang='lat' dir='ltr'>in</span> <span class='ocrx_word' id='word_1_85' title='bbox 789 1333 962 1408; x_wconf 77' lang='lat' dir='ltr'>Germania.</span> <span class='ocrx_word' id='word_1_86' title='bbox 993 1349 1075 1430; x_wconf 74' lang='lat' dir='ltr'>Quid</span> <span class='ocrx_word' id='word_1_87' title='bbox 1089 1351 1171 1406; x_wconf 88' lang='lat' dir='ltr'>euim</span> 
     </span>
     <span class='ocr_line' id='line_1_12' title="bbox 116 1441 1169 1519; baseline 0.007 -25"><span class='ocrx_word' id='word_1_88' title='bbox 116 1441 195 1497; x_wconf 86' lang='lat' dir='ltr'>aliud</span> <span class='ocrx_word' id='word_1_89' title='bbox 210 1457 336 1514; x_wconf 89' lang='lat' dir='ltr'>possum</span> <span class='ocrx_word' id='word_1_90' title='bbox 356 1443 480 1504; x_wconf 82' lang='lat' dir='ltr'>taceres</span> <span class='ocrx_word' id='word_1_91' title='bbox 499 1443 581 1500; x_wconf 89' lang='lat' dir='ltr'>Mira</span> <span class='ocrx_word' id='word_1_92' title='bbox 600 1461 649 1501; x_wconf 88' lang='lat' dir='ltr'>res</span> <span class='ocrx_word' id='word_1_93' title='bbox 669 1449 731 1510; x_wconf 80' lang='lat' dir='ltr'>est.</span> <span class='ocrx_word' id='word_1_94' title='bbox 750 1445 832 1519; x_wconf 90' lang='lat' dir='ltr'>quod</span> <span class='ocrx_word' id='word_1_95' title='bbox 852 1459 970 1499; x_wconf 85' lang='lat' dir='ltr'>errasse</span> <span class='ocrx_word' id='word_1_96' title='bbox 988 1459 1119 1512; x_wconf 76' lang='lat' dir='ltr'>arguor,</span> <span class='ocrx_word' id='word_1_97' title='bbox 1137 1450 1169 1501; x_wconf 84' lang='lat' dir='ltr'>ct</span> 
     </span>
     <span class='ocr_line' id='line_1_13' title="bbox 118 1533 1171 1614; baseline 0.005 -25"><span class='ocrx_word' id='word_1_98' title='bbox 118 1533 258 1591; x_wconf 88' lang='lat' dir='ltr'>obtinere</span> <span class='ocrx_word' id='word_1_99' title='bbox 277 1553 338 1593; x_wconf 89' lang='lat' dir='ltr'>non</span> <span class='ocrx_word' id='word_1_100' title='bbox 357 1554 500 1610; x_wconf 83' lang='lat' dir='ltr'>possum.</span> <span class='ocrx_word' id='word_1_101' title='bbox 518 1555 577 1608; x_wconf 83' lang='lat' dir='ltr'>nec</span> <span class='ocrx_word' id='word_1_102' title='bbox 589 1545 644 1613; x_wconf 86' lang='lat' dir='ltr'>pet·</span> <span class='ocrx_word' id='word_1_103' title='bbox 656 1545 774 1598; x_wconf 86' lang='lat' dir='ltr'>tantum</span> <span class='ocrx_word' id='word_1_104' title='bbox 789 1537 982 1612; x_wconf 81' lang='lat' dir='ltr'>Principem,</span> <span class='ocrx_word' id='word_1_105' title='bbox 1003 1535 1171 1614; x_wconf 89' lang='lat' dir='ltr'>inquibus,</span> 
     </span>
     <span class='ocr_line' id='line_1_14' title="bbox 117 1631 677 1708; baseline 0.009 -23"><span class='ocrx_word' id='word_1_106' title='bbox 117 1638 149 1685; x_wconf 87' lang='lat' dir='ltr'>et</span> <span class='ocrx_word' id='word_1_107' title='bbox 166 1647 260 1704; x_wconf 86' lang='lat' dir='ltr'>quare</span> <span class='ocrx_word' id='word_1_108' title='bbox 281 1631 337 1706; x_wconf 90' lang='lat' dir='ltr'>ipsi</span> <span class='ocrx_word' id='word_1_109' title='bbox 355 1648 404 1688; x_wconf 89' lang='lat' dir='ltr'>me</span> <span class='ocrx_word' id='word_1_110' title='bbox 425 1649 542 1690; x_wconf 72' lang='lat' dir='ltr'>enasse</span> <span class='ocrx_word' id='word_1_111' title='bbox 560 1641 677 1708; x_wconf 89' lang='lat' dir='ltr'>putent.</span> 
     </span>
    </p>

    <p class='ocr_par' dir='ltr' id='par_1_3' title="bbox 116 1725 1262 2648">
     <span class='ocr_line' id='line_1_15' title="bbox 186 1725 1173 1800; baseline 0.004 -21"><span class='ocrx_word' id='word_1_112' title='bbox 186 1725 294 1780; x_wconf 84' lang='lat' dir='ltr'>Videat</span> <span class='ocrx_word' id='word_1_113' title='bbox 315 1727 405 1796; x_wconf 76' lang='lat' dir='ltr'>igitur</span> <span class='ocrx_word' id='word_1_114' title='bbox 428 1735 478 1792; x_wconf 86' lang='lat' dir='ltr'>tua</span> <span class='ocrx_word' id='word_1_115' title='bbox 495 1727 696 1786; x_wconf 87' lang='lat' dir='ltr'>illustrissima</span> <span class='ocrx_word' id='word_1_116' title='bbox 715 1725 915 1784; x_wconf 82' lang='lat' dir='ltr'>Dominatio:</span> <span class='ocrx_word' id='word_1_117' title='bbox 939 1725 1173 1800; x_wconf 80' lang='lat' dir='ltr'>disputationem</span> 
     </span>
     <span class='ocr_line' id='line_1_16' title="bbox 117 1816 1174 1896; baseline 0.005 -24"><span class='ocrx_word' id='word_1_118' title='bbox 117 1816 270 1892; x_wconf 80' lang='lat' dir='ltr'>publicam</span> <span class='ocrx_word' id='word_1_119' title='bbox 293 1819 370 1876; x_wconf 87' lang='lat' dir='ltr'>mihi</span> <span class='ocrx_word' id='word_1_120' title='bbox 387 1829 481 1894; x_wconf 71' lang='lat' dir='ltr'>,negat</span> <span class='ocrx_word' id='word_1_121' title='bbox 510 1822 622 1896; x_wconf 89' lang='lat' dir='ltr'>(quam</span> <span class='ocrx_word' id='word_1_122' title='bbox 650 1837 747 1895; x_wconf 89' lang='lat' dir='ltr'>usque</span> <span class='ocrx_word' id='word_1_123' title='bbox 772 1819 865 1878; x_wconf 86' lang='lat' dir='ltr'>hodie</span> <span class='ocrx_word' id='word_1_124' title='bbox 894 1821 943 1880; x_wconf 84' lang='lat' dir='ltr'>vel</span> <span class='ocrx_word' id='word_1_125' title='bbox 970 1819 1098 1896; x_wconf 82' lang='lat' dir='ltr'>Lipsius,</span> <span class='ocrx_word' id='word_1_126' title='bbox 1123 1820 1174 1877; x_wconf 85' lang='lat' dir='ltr'>rel</span> 
     </span>
     <span class='ocr_line' id='line_1_17' title="bbox 116 1909 1211 1987; baseline -0.002 -19"><span class='ocrx_word' id='word_1_127' title='bbox 116 1909 286 1983; x_wconf 81' lang='lat' dir='ltr'>Erfurdias,</span> <span class='ocrx_word' id='word_1_128' title='bbox 313 1913 362 1970; x_wconf 85' lang='lat' dir='ltr'>rel</span> <span class='ocrx_word' id='word_1_129' title='bbox 379 1913 496 1984; x_wconf 85' lang='lat' dir='ltr'>Hallis‚</span> <span class='ocrx_word' id='word_1_130' title='bbox 516 1917 565 1974; x_wconf 83' lang='lat' dir='ltr'>vel</span> <span class='ocrx_word' id='word_1_131' title='bbox 588 1913 809 1986; x_wconf 82' lang='lat' dir='ltr'>Magdeburgi,</span> <span class='ocrx_word' id='word_1_132' title='bbox 842 1915 891 1972; x_wconf 81' lang='lat' dir='ltr'>rel</span> <span class='ocrx_word' id='word_1_133' title='bbox 915 1914 1088 1987; x_wconf 88' lang='lat' dir='ltr'>ubicunque</span> <span class='ocrx_word' id='word_1_134' title='bbox 1116 1924 1175 1972; x_wconf 88' lang='lat' dir='ltr'>tuse</span> <span class='ocrx_word' id='word_1_135' title='bbox 1209 1961 1211 1966; x_wconf 91' lang='lat'><em>.</em></span> 
     </span>
     <span class='ocr_line' id='line_1_18' title="bbox 117 1990 1176 2084; baseline 0.003 -25"><span class='ocrx_word' id='word_1_136' title='bbox 117 1990 345 2076; x_wconf 77' lang='lat' dir='ltr'>Dominationis</span> <span class='ocrx_word' id='word_1_137' title='bbox 370 2009 449 2068; x_wconf 81' lang='lat' dir='ltr'>valet</span> <span class='ocrx_word' id='word_1_138' title='bbox 479 2011 658 2084; x_wconf 88' lang='lat' dir='ltr'>imperium,</span> <span class='ocrx_word' id='word_1_139' title='bbox 688 2027 743 2068; x_wconf 91' lang='lat' dir='ltr'>seu</span> <span class='ocrx_word' id='word_1_140' title='bbox 770 2011 871 2068; x_wconf 82' lang='lat' dir='ltr'>salvus</span> <span class='ocrx_word' id='word_1_141' title='bbox 898 2009 1085 2076; x_wconf 88' lang='lat' dir='ltr'>conductus,</span> <span class='ocrx_word' id='word_1_142' title='bbox 1113 2023 1176 2062; x_wconf 88' lang='lat' dir='ltr'>non</span> 
     </span>
     <span class='ocr_line' id='line_1_19' title="bbox 119 2099 1175 2174; baseline 0.005 -20"><span class='ocrx_word' id='word_1_143' title='bbox 119 2099 280 2170; x_wconf 81' lang='lat' dir='ltr'>detrecto,</span> <span class='ocrx_word' id='word_1_144' title='bbox 306 2101 378 2173; x_wconf 88' lang='lat' dir='ltr'>quin</span> <span class='ocrx_word' id='word_1_145' title='bbox 403 2103 493 2159; x_wconf 88' lang='lat' dir='ltr'>etiam</span> <span class='ocrx_word' id='word_1_146' title='bbox 522 2119 598 2174; x_wconf 90' lang='lat' dir='ltr'>oro,</span> <span class='ocrx_word' id='word_1_147' title='bbox 623 2115 654 2162; x_wconf 90' lang='lat' dir='ltr'>et</span> <span class='ocrx_word' id='word_1_148' title='bbox 677 2107 792 2162; x_wconf 74' lang='lat' dir='ltr'>aunam</span> <span class='ocrx_word' id='word_1_149' title='bbox 818 2099 995 2172; x_wconf 74' lang='lat' dir='ltr'>exorem&#39;),</span> <span class='ocrx_word' id='word_1_150' title='bbox 1026 2102 1175 2172; x_wconf 80' lang='lat' dir='ltr'>privatam</span> 
     </span>
     <span class='ocr_line' id='line_1_20' title="bbox 118 2193 1176 2270; baseline 0.003 -20"><span class='ocrx_word' id='word_1_151' title='bbox 118 2193 259 2250; x_wconf 83' lang='lat' dir='ltr'>similiter</span> <span class='ocrx_word' id='word_1_152' title='bbox 280 2207 384 2268; x_wconf 78' lang='lat' dir='ltr'>negat,</span> <span class='ocrx_word' id='word_1_153' title='bbox 410 2195 440 2252; x_wconf 91' lang='lat' dir='ltr'>iu</span> <span class='ocrx_word' id='word_1_154' title='bbox 464 2197 586 2270; x_wconf 87' lang='lat' dir='ltr'>scriptis</span> <span class='ocrx_word' id='word_1_155' title='bbox 613 2201 703 2256; x_wconf 80' lang='lat' dir='ltr'>etiam</span> <span class='ocrx_word' id='word_1_156' title='bbox 727 2213 864 2256; x_wconf 90' lang='lat' dir='ltr'>errorem</span> <span class='ocrx_word' id='word_1_157' title='bbox 891 2195 1051 2258; x_wconf 76' lang='lat' dir='ltr'>ostendere</span> <span class='ocrx_word' id='word_1_158' title='bbox 1067 2207 1176 2268; x_wconf 80' lang='lat' dir='ltr'>negat,</span> 
     </span>
     <span class='ocr_line' id='line_1_21' title="bbox 122 2289 1205 2378; baseline 0.007 -38"><span class='ocrx_word' id='word_1_159' title='bbox 122 2298 256 2360; x_wconf 87' lang='lat' dir='ltr'>quatuor</span> <span class='ocrx_word' id='word_1_160' title='bbox 281 2289 548 2378; x_wconf 69' lang='lat' dir='ltr'>illustpissimarum</span> <span class='ocrx_word' id='word_1_161' title='bbox 575 2293 805 2350; x_wconf 81' lang='lat' dir='ltr'>Academiarum</span> <span class='ocrx_word' id='word_1_162' title='bbox 828 2291 941 2366; x_wconf 88' lang='lat' dir='ltr'>judicia</span> <span class='ocrx_word' id='word_1_163' title='bbox 967 2302 1097 2348; x_wconf 83' lang='lat' dir='ltr'>recusat.</span> <span class='ocrx_word' id='word_1_164' title='bbox 1145 2291 1175 2348; x_wconf 83' lang='lat' dir='ltr'>si</span> <span class='ocrx_word' id='word_1_165' title='bbox 1203 2333 1205 2341; x_wconf 34' lang='grc' dir='ltr'>ι</span> 
     </span>
     <span class='ocr_line' id='line_1_22' title="bbox 122 2372 1262 2462; baseline 0.005 -28"><span class='ocrx_word' id='word_1_166' title='bbox 122 2381 254 2437; x_wconf 87' lang='lat' dir='ltr'>nuncid</span> <span class='ocrx_word' id='word_1_167' title='bbox 277 2383 377 2455; x_wconf 86' lang='lat' dir='ltr'>addat,</span> <span class='ocrx_word' id='word_1_168' title='bbox 404 2394 438 2440; x_wconf 90' lang='lat' dir='ltr'>nt</span> <span class='ocrx_word' id='word_1_169' title='bbox 458 2385 649 2448; x_wconf 79' lang='lat' dir='ltr'>illustrissimi</span> <span class='ocrx_word' id='word_1_170' title='bbox 671 2405 706 2444; x_wconf 90' lang='lat' dir='ltr'>ac</span> <span class='ocrx_word' id='word_1_171' title='bbox 725 2387 927 2460; x_wconf 83' lang='lat' dir='ltr'>potentissimi</span> <span class='ocrx_word' id='word_1_172' title='bbox 950 2385 1102 2459; x_wconf 89' lang='lat' dir='ltr'>Principis</span> <span class='ocrx_word' id='word_1_173' title='bbox 1122 2401 1176 2462; x_wconf 89' lang='lat' dir='ltr'>pe.</span> <span class='ocrx_word' id='word_1_174' title='bbox 1260 2372 1262 2386; x_wconf 79' lang='lat'>&#39;</span> 
     </span>
     <span class='ocr_line' id='line_1_23' title="bbox 121 2475 1178 2556; baseline 0.006 -26"><span class='ocrx_word' id='word_1_175' title='bbox 121 2475 247 2532; x_wconf 85' lang='lat' dir='ltr'>titiones</span> <span class='ocrx_word' id='word_1_176' title='bbox 260 2477 389 2550; x_wconf 81' lang='lat' dir='ltr'>rejiciat:</span> <span class='ocrx_word' id='word_1_177' title='bbox 409 2481 565 2552; x_wconf 91' lang='lat' dir='ltr'>quomodo</span> <span class='ocrx_word' id='word_1_178' title='bbox 583 2497 706 2556; x_wconf 89' lang='lat' dir='ltr'>possum</span> <span class='ocrx_word' id='word_1_179' title='bbox 728 2482 807 2540; x_wconf 86' lang='lat' dir='ltr'>aliud</span> <span class='ocrx_word' id='word_1_180' title='bbox 825 2497 915 2556; x_wconf 87' lang='lat' dir='ltr'>quam</span> <span class='ocrx_word' id='word_1_181' title='bbox 933 2497 1049 2540; x_wconf 87' lang='lat' dir='ltr'>meram</span> <span class='ocrx_word' id='word_1_182' title='bbox 1063 2481 1125 2536; x_wconf 86' lang='lat' dir='ltr'>vim</span> <span class='ocrx_word' id='word_1_183' title='bbox 1146 2486 1178 2536; x_wconf 86' lang='lat' dir='ltr'>et</span> 
     </span>
     <span class='ocr_line' id='line_1_24' title="bbox 120 2569 425 2648; baseline 0.023 -24"><span class='ocrx_word' id='word_1_184' title='bbox 120 2569 244 2640; x_wconf 76' lang='lat' dir='ltr'>iusidias</span> <span class='ocrx_word' id='word_1_185' title='bbox 257 2572 425 2648; x_wconf 73' lang='lat' dir='ltr'>suspicari?</span> 
     </span>
    </p>

    <p class='ocr_par' dir='ltr' id='par_1_4' title="bbox 119 2661 1259 3196">
     <span class='ocr_line' id='line_1_25' title="bbox 190 2661 1258 2744; baseline 0.007 -26"><span class='ocrx_word' id='word_1_186' title='bbox 190 2661 306 2720; x_wconf 85' lang='lat' dir='ltr'>Iterum</span> <span class='ocrx_word' id='word_1_187' title='bbox 327 2683 384 2744; x_wconf 74' lang='lat' dir='ltr'>ego</span> <span class='ocrx_word' id='word_1_188' title='bbox 406 2683 528 2740; x_wconf 88' lang='lat' dir='ltr'>qnoque</span> <span class='ocrx_word' id='word_1_189' title='bbox 551 2679 640 2744; x_wconf 88' lang='lat' dir='ltr'>atque</span> <span class='ocrx_word' id='word_1_190' title='bbox 659 2673 770 2730; x_wconf 89' lang='lat' dir='ltr'>iterum</span> <span class='ocrx_word' id='word_1_191' title='bbox 789 2679 819 2728; x_wconf 90' lang='lat' dir='ltr'>et</span> <span class='ocrx_word' id='word_1_192' title='bbox 843 2669 935 2730; x_wconf 88' lang='lat' dir='ltr'>tertio</span> <span class='ocrx_word' id='word_1_193' title='bbox 956 2671 1067 2726; x_wconf 90' lang='lat' dir='ltr'>iterum</span> <span class='ocrx_word' id='word_1_194' title='bbox 1085 2683 1175 2739; x_wconf 74' lang='lat' dir='ltr'>rogo,</span> <span class='ocrx_word' id='word_1_195' title='bbox 1256 2730 1258 2737; x_wconf 59' lang='grc'>,</span> 
     </span>
     <span class='ocr_line' id='line_1_26' title="bbox 120 2755 1259 2838; baseline 0.007 -28"><span class='ocrx_word' id='word_1_196' title='bbox 120 2755 272 2814; x_wconf 82' lang='lat' dir='ltr'>illustriss.</span> <span class='ocrx_word' id='word_1_197' title='bbox 289 2757 467 2822; x_wconf 73' lang='lat' dir='ltr'>Dominatio</span> <span class='ocrx_word' id='word_1_198' title='bbox 487 2773 537 2819; x_wconf 88' lang='lat' dir='ltr'>tua</span> <span class='ocrx_word' id='word_1_199' title='bbox 557 2781 618 2822; x_wconf 86' lang='lat' dir='ltr'>nou</span> <span class='ocrx_word' id='word_1_200' title='bbox 638 2765 743 2824; x_wconf 84' lang='lat' dir='ltr'>crcdat</span> <span class='ocrx_word' id='word_1_201' title='bbox 764 2767 817 2836; x_wconf 89' lang='lat' dir='ltr'>iis,</span> <span class='ocrx_word' id='word_1_202' title='bbox 836 2765 887 2838; x_wconf 88' lang='lat' dir='ltr'>qui</span> <span class='ocrx_word' id='word_1_203' title='bbox 907 2765 1014 2821; x_wconf 88' lang='lat' dir='ltr'>dicunt</span> <span class='ocrx_word' id='word_1_204' title='bbox 1037 2763 1177 2820; x_wconf 80' lang='lat' dir='ltr'>Fratrem</span> <span class='ocrx_word' id='word_1_205' title='bbox 1254 2786 1259 2797; x_wconf 79' lang='lat'>=</span> 
     </span>
     <span class='ocr_line' id='line_1_27' title="bbox 119 2851 1178 2934; baseline 0.002 -26"><span class='ocrx_word' id='word_1_206' title='bbox 119 2851 291 2910; x_wconf 78' lang='lat' dir='ltr'>lidrrtinum</span> <span class='ocrx_word' id='word_1_207' title='bbox 309 2857 387 2912; x_wconf 86' lang='lat' dir='ltr'>male</span> <span class='ocrx_word' id='word_1_208' title='bbox 406 2857 536 2928; x_wconf 84' lang='lat' dir='ltr'>dixisse,</span> <span class='ocrx_word' id='word_1_209' title='bbox 558 2869 717 2934; x_wconf 86' lang='lat' dir='ltr'>antequam</span> <span class='ocrx_word' id='word_1_210' title='bbox 736 2859 918 2918; x_wconf 75' lang='lat' dir='ltr'>audiaturet</span> <span class='ocrx_word' id='word_1_211' title='bbox 936 2857 1082 2918; x_wconf 89' lang='lat' dir='ltr'>doceatur</span> <span class='ocrx_word' id='word_1_212' title='bbox 1099 2855 1178 2911; x_wconf 88' lang='lat' dir='ltr'>male</span> 
     </span>
     <span class='ocr_line' id='line_1_28' title="bbox 119 2947 1179 3028; baseline 0.002 -26"><span class='ocrx_word' id='word_1_213' title='bbox 119 2947 246 3016; x_wconf 76' lang='lat' dir='ltr'>dixisse,</span> <span class='ocrx_word' id='word_1_214' title='bbox 273 2947 403 3010; x_wconf 66' lang='lat' dir='ltr'>&#39;Erravit</span> <span class='ocrx_word' id='word_1_215' title='bbox 422 2951 554 3024; x_wconf 89' lang='lat' dir='ltr'>Petrus,</span> <span class='ocrx_word' id='word_1_216' title='bbox 574 2955 664 3014; x_wconf 88' lang='lat' dir='ltr'>etiarn</span> <span class='ocrx_word' id='word_1_217' title='bbox 679 2965 750 3028; x_wconf 90' lang='lat' dir='ltr'>post</span> <span class='ocrx_word' id='word_1_218' title='bbox 771 2961 931 3026; x_wconf 87' lang='lat' dir='ltr'>acceptum</span> <span class='ocrx_word' id='word_1_219' title='bbox 949 2951 1088 3026; x_wconf 84' lang='lat' dir='ltr'>spiritum</span> <span class='ocrx_word' id='word_1_220' title='bbox 1110 2965 1179 3005; x_wconf 88' lang='lat' dir='ltr'>san.</span> 
     </span>
     <span class='ocr_line' id='line_1_29' title="bbox 119 3041 1179 3127; baseline 0.004 -31"><span class='ocrx_word' id='word_1_221' title='bbox 119 3052 227 3100; x_wconf 83' lang='lat' dir='ltr'>ctum:</span> <span class='ocrx_word' id='word_1_222' title='bbox 258 3043 348 3101; x_wconf 90' lang='lat' dir='ltr'>etiam</span> <span class='ocrx_word' id='word_1_223' title='bbox 371 3063 473 3104; x_wconf 89' lang='lat' dir='ltr'>errare</span> <span class='ocrx_word' id='word_1_224' title='bbox 495 3060 597 3127; x_wconf 85' lang='lat' dir='ltr'>potest</span> <span class='ocrx_word' id='word_1_225' title='bbox 621 3065 698 3106; x_wconf 88' lang='lat' dir='ltr'>unus</span> <span class='ocrx_word' id='word_1_226' title='bbox 729 3043 920 3118; x_wconf 77' lang='lat' dir='ltr'>cardinalis,</span> <span class='ocrx_word' id='word_1_227' title='bbox 960 3041 1179 3120; x_wconf 70' lang='lat' dir='ltr'>quantumlibet</span> 
     </span>
     <span class='ocr_line' id='line_1_30' title="bbox 123 3133 1144 3196; baseline 0.006 -3"><span class='ocrx_word' id='word_1_228' title='bbox 123 3137 246 3196; x_wconf 90' lang='lat' dir='ltr'>doctus.</span> <span class='ocrx_word' id='word_1_229' title='bbox 1141 3133 1144 3140; x_wconf 71' lang='grc'><strong><em>’</em></strong></span> 
     </span>
    </p>

    <p class='ocr_par' dir='ltr' id='par_1_5' title="bbox 122 3231 1180 3398">
     <span class='ocr_line' id='line_1_31' title="bbox 193 3231 1180 3309; baseline 0 -21"><span class='ocrx_word' id='word_1_230' title='bbox 193 3233 340 3292; x_wconf 85' lang='lat' dir='ltr'>Consulat</span> <span class='ocrx_word' id='word_1_231' title='bbox 363 3237 451 3309; x_wconf 80' lang='lat' dir='ltr'>igitur</span> <span class='ocrx_word' id='word_1_232' title='bbox 475 3237 676 3296; x_wconf 88' lang='lat' dir='ltr'>illustrissima</span> <span class='ocrx_word' id='word_1_233' title='bbox 703 3237 881 3296; x_wconf 88' lang='lat' dir='ltr'>Dominatio</span> <span class='ocrx_word' id='word_1_234' title='bbox 912 3244 964 3294; x_wconf 87' lang='lat' dir='ltr'>tua</span> <span class='ocrx_word' id='word_1_235' title='bbox 989 3231 1100 3292; x_wconf 86' lang='lat' dir='ltr'>honori</span> <span class='ocrx_word' id='word_1_236' title='bbox 1121 3248 1180 3300; x_wconf 87' lang='lat' dir='ltr'>suo</span> 
     </span>
     <span class='ocr_line' id='line_1_32' title="bbox 122 3325 1179 3398; baseline 0 -16"><span class='ocrx_word' id='word_1_237' title='bbox 122 3337 155 3383; x_wconf 88' lang='lat' dir='ltr'>et</span> <span class='ocrx_word' id='word_1_238' title='bbox 181 3331 373 3387; x_wconf 79' lang='lat' dir='ltr'>conscientiis</span> <span class='ocrx_word' id='word_1_239' title='bbox 402 3349 479 3398; x_wconf 71' lang='lat' dir='ltr'>sue,</span> <span class='ocrx_word' id='word_1_240' title='bbox 508 3348 571 3388; x_wconf 88' lang='lat' dir='ltr'>non</span> <span class='ocrx_word' id='word_1_241' title='bbox 600 3333 749 3394; x_wconf 87' lang='lat' dir='ltr'>mittendo</span> <span class='ocrx_word' id='word_1_242' title='bbox 779 3347 829 3388; x_wconf 90' lang='lat' dir='ltr'>me</span> <span class='ocrx_word' id='word_1_243' title='bbox 854 3331 891 3388; x_wconf 91' lang='lat' dir='ltr'>ad</span> <span class='ocrx_word' id='word_1_244' title='bbox 917 3329 1037 3388; x_wconf 83' lang='lat' dir='ltr'>urbem.</span> <span class='ocrx_word' id='word_1_245' title='bbox 1079 3325 1179 3382; x_wconf 89' lang='lat' dir='ltr'>llomo</span> 
     </span>
    </p>
   </div>
   <div class='ocr_carea' id='block_1_3' title="bbox 122 3421 1282 3498">
    <p class='ocr_par' dir='ltr' id='par_1_6' title="bbox 122 3421 1282 3498">
     <span class='ocr_line' id='line_1_33' title="bbox 122 3421 1282 3498; baseline 0 -21"><span class='ocrx_word' id='word_1_246' title='bbox 122 3422 205 3492; x_wconf 79' lang='lat' dir='ltr'>enim</span> <span class='ocrx_word' id='word_1_247' title='bbox 224 3440 286 3480; x_wconf 88' lang='lat' dir='ltr'>non</span> <span class='ocrx_word' id='word_1_248' title='bbox 304 3425 397 3484; x_wconf 85' lang='lat' dir='ltr'>habet</span> <span class='ocrx_word' id='word_1_249' title='bbox 415 3427 478 3484; x_wconf 85' lang='lat' dir='ltr'>hoe</span> <span class='ocrx_word' id='word_1_250' title='bbox 496 3427 638 3482; x_wconf 89' lang='lat' dir='ltr'>mandare</span> <span class='ocrx_word' id='word_1_251' title='bbox 657 3427 867 3484; x_wconf 75' lang='lat' dir='ltr'>illustrissime</span> <span class='ocrx_word' id='word_1_252' title='bbox 883 3421 1095 3481; x_wconf 88' lang='lat' dir='ltr'>Dominationi</span> <span class='ocrx_word' id='word_1_253' title='bbox 1107 3431 1181 3498; x_wconf 75' lang='lat' dir='ltr'>tum,</span> <span class='ocrx_word' id='word_1_254' title='bbox 1280 3467 1282 3474; x_wconf 94' lang='lat'><em>.</em></span> 
     </span>
    </p>
   </div>
   <div class='ocr_carea' id='block_1_4' title="bbox 87 3511 1186 4088">
    <p class='ocr_par' dir='ltr' id='par_1_7' title="bbox 87 3511 1186 4088">
     <span class='ocr_line' id='line_1_34' title="bbox 122 3511 1183 3594; baseline -0.005 -18"><span class='ocrx_word' id='word_1_255' title='bbox 122 3518 249 3577; x_wconf 78' lang='lat' dir='ltr'>sumsit</span> <span class='ocrx_word' id='word_1_256' title='bbox 265 3517 471 3594; x_wconf 87' lang='lat' dir='ltr'>impossibile,</span> <span class='ocrx_word' id='word_1_257' title='bbox 487 3530 650 3578; x_wconf 84' lang='lat' dir='ltr'>moturum</span> <span class='ocrx_word' id='word_1_258' title='bbox 668 3521 736 3590; x_wconf 71' lang='lat' dir='ltr'>iore</span> <span class='ocrx_word' id='word_1_259' title='bbox 752 3523 782 3590; x_wconf 87' lang='lat' dir='ltr'>in</span> <span class='ocrx_word' id='word_1_260' title='bbox 801 3521 892 3586; x_wconf 87' lang='lat' dir='ltr'>urbe:</span> <span class='ocrx_word' id='word_1_261' title='bbox 912 3529 944 3575; x_wconf 92' lang='lat' dir='ltr'>et</span> <span class='ocrx_word' id='word_1_262' title='bbox 962 3519 992 3575; x_wconf 92' lang='lat' dir='ltr'>id</span> <span class='ocrx_word' id='word_1_263' title='bbox 1009 3511 1084 3584; x_wconf 77' lang='lat' dir='ltr'>nihil</span> <span class='ocrx_word' id='word_1_264' title='bbox 1103 3516 1183 3584; x_wconf 84' lang='lat' dir='ltr'>uliud</span> 
     </span>
     <span class='ocr_line' id='line_1_35' title="bbox 121 3610 1185 3691; baseline -0.003 -22"><span class='ocrx_word' id='word_1_265' title='bbox 121 3621 207 3676; x_wconf 78' lang='lat' dir='ltr'>,esset</span> <span class='ocrx_word' id='word_1_266' title='bbox 225 3628 316 3684; x_wconf 90' lang='lat' dir='ltr'>quam</span> <span class='ocrx_word' id='word_1_267' title='bbox 332 3613 541 3672; x_wconf 79' lang='lat' dir='ltr'>illustrissimus</span> <span class='ocrx_word' id='word_1_268' title='bbox 556 3615 766 3674; x_wconf 89' lang='lat' dir='ltr'>Dominationi</span> <span class='ocrx_word' id='word_1_269' title='bbox 782 3623 842 3672; x_wconf 82' lang='lat' dir='ltr'>tua</span> <span class='ocrx_word' id='word_1_270' title='bbox 857 3613 1016 3691; x_wconf 82' lang='lat' dir='ltr'>mandare,</span> <span class='ocrx_word' id='word_1_271' title='bbox 1034 3621 1070 3667; x_wconf 89' lang='lat' dir='ltr'>ut</span> <span class='ocrx_word' id='word_1_272' title='bbox 1083 3610 1185 3668; x_wconf 86' lang='lat' dir='ltr'>trade.</span> 
     </span>
     <span class='ocr_line' id='line_1_36' title="bbox 122 3705 1184 3782; baseline -0.003 -18"><span class='ocrx_word' id='word_1_273' title='bbox 122 3717 173 3778; x_wconf 81' lang='lat' dir='ltr'>ret</span> <span class='ocrx_word' id='word_1_274' title='bbox 194 3705 371 3780; x_wconf 72' lang='lat' dir='ltr'>sanguinem</span> <span class='ocrx_word' id='word_1_275' title='bbox 396 3709 579 3782; x_wconf 87' lang='lat' dir='ltr'>Christiani,</span> <span class='ocrx_word' id='word_1_276' title='bbox 608 3719 639 3768; x_wconf 88' lang='lat' dir='ltr'>et</span> <span class='ocrx_word' id='word_1_277' title='bbox 656 3711 742 3769; x_wconf 85' lang='lat' dir='ltr'>fieret</span> <span class='ocrx_word' id='word_1_278' title='bbox 760 3709 930 3767; x_wconf 88' lang='lat' dir='ltr'>homicida:</span> <span class='ocrx_word' id='word_1_279' title='bbox 961 3707 1013 3764; x_wconf 92' lang='lat' dir='ltr'>ubi</span> <span class='ocrx_word' id='word_1_280' title='bbox 1032 3723 1091 3764; x_wconf 88' lang='lat' dir='ltr'>nec</span> <span class='ocrx_word' id='word_1_281' title='bbox 1118 3707 1184 3782; x_wconf 87' lang='lat' dir='ltr'>ipse</span> 
     </span>
     <span class='ocr_line' id='line_1_37' title="bbox 124 3795 1186 3878; baseline -0.003 -21"><span class='ocrx_word' id='word_1_282' title='bbox 124 3815 264 3866; x_wconf 85' lang='lat' dir='ltr'>summus</span> <span class='ocrx_word' id='word_1_283' title='bbox 280 3801 428 3874; x_wconf 71' lang='lat' dir='ltr'>Pontifex</span> <span class='ocrx_word' id='word_1_284' title='bbox 447 3795 605 3878; x_wconf 78' lang='lat' dir='ltr'>satistuto</span> <span class='ocrx_word' id='word_1_285' title='bbox 625 3806 711 3864; x_wconf 81' lang='lat' dir='ltr'>vivit.</span> <span class='ocrx_word' id='word_1_286' title='bbox 753 3805 873 3874; x_wconf 80' lang='lat' dir='ltr'>Habent</span> <span class='ocrx_word' id='word_1_287' title='bbox 889 3819 1034 3878; x_wconf 84' lang='lat' dir='ltr'>papyrum</span> <span class='ocrx_word' id='word_1_288' title='bbox 1055 3811 1087 3859; x_wconf 94' lang='lat' dir='ltr'>et</span> <span class='ocrx_word' id='word_1_289' title='bbox 1106 3801 1186 3860; x_wconf 87' lang='lat' dir='ltr'>cala.</span> 
     </span>
     <span class='ocr_line' id='line_1_38' title="bbox 87 3895 1185 3974; baseline -0.004 -18"><span class='ocrx_word' id='word_1_290' title='bbox 87 3949 91 3956; x_wconf 21' lang='grc' dir='ltr'><em>Α</em></span> <span class='ocrx_word' id='word_1_291' title='bbox 124 3909 193 3954; x_wconf 85' lang='lat' dir='ltr'>mos</span> <span class='ocrx_word' id='word_1_292' title='bbox 224 3907 256 3955; x_wconf 91' lang='lat' dir='ltr'>et</span> <span class='ocrx_word' id='word_1_293' title='bbox 287 3907 489 3957; x_wconf 88' lang='lat' dir='ltr'>atramentum</span> <span class='ocrx_word' id='word_1_294' title='bbox 522 3901 552 3958; x_wconf 89' lang='lat' dir='ltr'>in</span> <span class='ocrx_word' id='word_1_295' title='bbox 587 3900 688 3974; x_wconf 90' lang='lat' dir='ltr'>urbe,</span> <span class='ocrx_word' id='word_1_296' title='bbox 723 3899 838 3960; x_wconf 83' lang='lat' dir='ltr'>habent</span> <span class='ocrx_word' id='word_1_297' title='bbox 863 3899 994 3960; x_wconf 82' lang='lat' dir='ltr'>inlicitos</span> <span class='ocrx_word' id='word_1_298' title='bbox 1023 3895 1185 3971; x_wconf 79' lang='lat' dir='ltr'>notariost</span> 
     </span>
     <span class='ocr_line' id='line_1_39' title="bbox 124 3989 1185 4088; baseline 0.005 -39"><span class='ocrx_word' id='word_1_299' title='bbox 124 3989 213 4064; x_wconf 77' lang='lat' dir='ltr'>iacile</span> <span class='ocrx_word' id='word_1_300' title='bbox 232 3993 294 4064; x_wconf 82' lang='lat' dir='ltr'>erit</span> <span class='ocrx_word' id='word_1_301' title='bbox 313 3995 344 4064; x_wconf 81' lang='lat' dir='ltr'>in</span> <span class='ocrx_word' id='word_1_302' title='bbox 362 4011 509 4088; x_wconf 84' lang='lat' dir='ltr'>papyrum</span> <span class='ocrx_word' id='word_1_303' title='bbox 526 3997 663 4082; x_wconf 74' lang='lat' dir='ltr'>signare,</span> <span class='ocrx_word' id='word_1_304' title='bbox 680 3995 835 4084; x_wconf 79' lang='lat' dir='ltr'>inquibus</span> <span class='ocrx_word' id='word_1_305' title='bbox 851 4003 882 4055; x_wconf 85' lang='lat' dir='ltr'>et</span> <span class='ocrx_word' id='word_1_306' title='bbox 897 4009 993 4072; x_wconf 77' lang='lat' dir='ltr'>quara</span> <span class='ocrx_word' id='word_1_307' title='bbox 1007 3989 1185 4058; x_wconf 69' lang='lat' dir='ltr'>erraverim·</span> 
     </span>
    </p>
   </div>
   <div class='ocr_carea' id='block_1_5' title="bbox 0 0 1401 4556">
    <p class='ocr_par' dir='ltr' id='par_1_8' title="bbox 0 0 1401 4556">
     <span class='ocr_line' id='line_1_40' title="bbox 0 0 1401 4556; baseline 0 0"><span class='ocrx_word' id='word_1_308' title='bbox 0 0 1401 4556; x_wconf 95' lang='lat' dir='ltr'> </span> 
     </span>
    </p>
   </div>
  </div>
 </body>
</html>
