2716 4556
220 317 280 386 aaa
374 365 392 400 ,
638 345 641 351 ·
701 315 788 394 1519.
851 275 879 422 Ἰ

220 473 366 528 coitiundi
384 473 500 540 omnia,
517 479 550 526 ut
571 445 643 531 nibil
661 475 735 528 certl
757 487 837 544 pane
859 468 945 525 nobis
963 471 1101 528 relictum
1121 474 1170 528 sit.
1210 473 1265 530 Sed

131 607 137 623 .
191 579 194 586 ’
220 565 559 624 etmttltasdecretalea
580 581 664 628 esse,
696 583 824 622 asertsn
849 565 1020 634 evangelico
1046 567 1173 636 alienas,
1199 569 1291 628 luce¹

220 661 331 716 clarius
348 671 408 716 cst:
436 661 475 714 ita
497 669 529 716 ut
547 660 709 716 necessitas
730 659 791 730 ipsa
809 675 908 714 rerum
927 677 983 715 nos
998 673 1108 730 cogat,
1136 663 1172 715 ad
1190 661 1266 716 Scri.

220 763 314 826 ptttrte
343 754 448 808 divina
477 753 685 808 solidissimam
718 762 832 824 petram
863 754 1026 822 coningere
1056 769 1114 809 nec
1152 765 1264 812 temere

221 851 345 904 credere
372 849 454 912 ullis,
483 849 651 920 quicunque
683 849 759 916 sint,
792 839 845 920 qui
870 849 943 904 citra
962 848 1047 904 illins
1071 849 1264 904 autoritatem

206 941 403 1013 ,loquantum
432 953 587 1008 statuunt,
613 953 661 998 ant
690 943 812 997 iaciunt.

228 1036 230 1045 '
286 1035 354 1092 Nec
373 1037 536 1092 verendum
557 1055 684 1104 censeo,
704 1039 774 1108 quid
794 1047 899 1092 contra
918 1031 1083 1091 Cardinalis
1105 1037 1263 1106 CaJ'ctanna
1341 1063 1342 1070 ι

211 1139 249 1184 'ct
271 1129 413 1192 silvester
435 1129 563 1188 Prieriaa
583 1131 758 1198 adulentur,
785 1133 834 1202 qni
854 1131 942 1186 ctiam
963 1131 991 1186 in
1014 1131 1106 1185 rebus
1126 1129 1195 1196 iidej
1211 1145 1264 1182 nu.

218 1225 288 1278 dum
312 1223 438 1278 verbum
461 1220 591 1280 hominis
609 1225 745 1280 sulficere
767 1225 953 1280 cavillantur.
978 1225 1097 1280 ·Divus
1124 1223 1264 1291 Augusti.

218 1333 274 1371 nus
294 1319 399 1386 (locet,
425 1319 494 1373 nulli
515 1320 712 1387 credendum,
734 1319 916 1390 quantalibet
934 1323 1091 1374 sanctitate
1113 1316 1263 1371 doctrina.

217 1425 273 1480 qua
293 1412 465 1481 praepolleat
484 1415 596 1477 (credo
620 1414 708 1468 etiam
726 1414 955 1481 sanctissima),
975 1415 1030 1468 nisi
1047 1413 1155 1470 divinis
1173 1411 1262 1466 literis

216 1513 265 1560 aut
290 1506 406 1559 ratione
424 1505 569 1575 probabili
590 1507 781 1577 persuadear,
800 1523 856 1575 ne,
875 1508 899 1562 si
918 1509 1004 1561 aliter
1024 1508 1178 1571 ludamus,
1194 1505 1263 1572 illn.

217 1596 338 1654 damur:
365 1609 394 1652 at
415 1597 447 1652 lai
465 1579 640 1654 in'Christo
658 1600 728 1654 boni
752 1614 872 1656 autores
892 1601 997 1656 volunt
1022 1605 1079 1661 bos
1100 1617 1129 1656 vt
1152 1615 1261 1668 cogere

216 1690 244 1743 iu
264 1691 342 1746 lianc
362 1693 554 1748 illusionem·
581 1695 706 1749 Sanctus
727 1695 843 1750 Petrus·
860 1695 951 1750 toties
974 1695 1073 1764 lapsus
1096 1705 1143 1749 est
1163 1705 1193 1746 et
1216 1708 1261 1746 se.

214 1785 274 1838 niel
296 1783 364 1856 post
382 1800 539 1858 acceptum
556 1790 710 1860 spiritum,
731 1789 905 1858 gravissimo
926 1789 1090 1842 animarum
1106 1787 1259 1858 periculo.

215 1881 345 1935 erravit:
371 1890 400 1936 ct
418 1899 473 1936 nos
493 1881 649 1950 hommes,
677 1885 765 1952 longe
783 1885 859 1940 inira
879 1877 1075 1954 apostoticam
1096 1881 1260 1937 sublimita-

143 2015 148 2024 .
214 1983 281 2028 tem
300 1983 468 2045 reptantes
487 1977 563 2031 ultra
577 1979 757 2049 apostolicas
773 1977 975 2048 perlecttones
990 1977 1158 2030 elevamus
1178 1974 1258 2045 quasi
1342 2001 1343 2010 ι

216 2049 356 2124 Christus
377 2072 518 2126 mentitus
539 2071 595 2132 sit,
625 2071 743 2144 qnando
760 2087 826 2126 sese
845 2071 982 2143 promisit
1000 2069 1161 2126 nobiscum
1177 2084 1259 2134 esse,

213 2177 310 2231 usque
325 2155 370 2216 ad
399 2167 689 2220 consummationem
720 2165 961 2222 assentantes
994 2165 1155 2234 quaerimus
1187 2163 1258 2217 alios

216 2253 372 2320 Christos,
397 2257 427 2311 in
452 2273 580 2326 quornm
597 2268 672 2314 nutu
692 2268 860 2329 renumque
883 2259 1009 2331 pendeat
1027 2256 1176 2318 Ecclesia.
1211 2255 1259 2310 Sa.

128 2407 129 2415 ἵ
214 2347 251 2401 tis
271 2347 502 2404 cstRomanum
522 2351 700 2406 Pontificem
721 2367 871 2428 sumtuum
893 2350 1073 2407 Pontificem
1094 2366 1177 2407 ease:
1205 2351 1260 2405 im.

214 2441 377 2510 piissimum
406 2443 462 2510 sit,
494 2443 615 2502 Christo
645 2447 787 2516 aequalem
816 2447 842 2500 ei
872 2445 1015 2500 virtutem
1034 2455 1064 2500 ct
1084 2445 1258 2530 sapientiam

183 2535 190 2552 '
213 2529 297 2600 alnay
282 2549 366 2598 uere,
388 2535 466 2590 sicut
483 2537 590 2592 audent
607 2540 737 2608 quidam.
773 2525 971 2612 Quanquam,
990 2547 1022 2593 ut
1041 2540 1167 2608 ingenue
1186 2554 1258 2593 con.

147 2679 148 2684 ,
188 2623 315 2704 'iitear,
335 2628 397 2698 ipse
419 2645 499 2714 panna
518 2645 725 2701 ignorosqttae
743 2635 799 2700 stt
820 2645 849 2688 et
868 2633 918 2689 uba
938 2635 976 2688 stt
998 2633 1134 2688 Romana
1152 2631 1256 2686 Eccle-

145 2749 153 2758 ·
211 2721 273 2781 sia.
301 2723 340 2776 ita
359 2697 548 2786 ludentibus,
570 2725 763 2794 jocantibus,
782 2726 1034 2782 confundentibus
1053 2727 1175 2780 nomina
1196 2725 1257 2780 Ro.
1343 2793 1344 2802 ἵ

122 2878 128 2892 .
160 2866 171 2880 ,
211 2823 304 2870 manaa
331 2811 474 2888 Ecclqsiaa
504 2819 667 2874 teterrimis
693 2821 750 2874 illis
775 2820 980 2888 nugatoribus.
1024 2819 1167 2876 silvester
1192 2813 1258 2877 eam

210 2919 293 2964 accat
315 2909 344 2964 in
368 2919 429 2964 tres
447 2907 622 2983 Ecclesias,
643 2914 675 2968 in
694 2913 824 2984 Papam,
848 2916 876 2969 in
899 2913 1089 2982 cardinales,
1112 2915 1143 2970 iu
1163 2931 1257 2986 popu.

211 3002 284 3057 lttna.
320 3003 396 3077 Quae
415 3005 584 3067 distinctio,
611 3008 679 3078 quia
699 3008 876 3076 magistralis
894 3019 924 3064 et
942 3007 1092 3068 sufficiens
1110 3019 1175 3070 est,
1202 3025 1256 3063 nec

209 3096 347 3151 meinbra
369 3099 557 3168 coincidunt,
582 3100 670 3170 facit,
694 3111 728 3158 nt
745 3103 827 3174 Papa
846 3113 876 3159 et
897 3103 1069 3160 Cardinales
1089 3104 1257 3160 sint‘entra

209 3187 396 3260 Ecclesiam,
415 3194 493 3248 inter
511 3209 639 3264 paganos
658 3195 806 3266 habendi,
825 3205 858 3252 ut
876 3199 970 3268 quiin
986 3199 1135 3254 essentiali
1151 3197 1256 3254 Eccle-

209 3283 252 3338 sia
271 3301 331 3339 ncn
352 3285 425 3340 sint:
445 3295 494 3342 aut
511 3297 573 3343 tres
595 3288 736 3346 Christos
755 3291 896 3363 praeliciet
912 3291 1009 3348 tribus
1029 3292 1085 3347 illis
1098 3290 1254 3358 Ecclesia,

123 3375 131 3384 ’
210 3376 274 3432 imo
288 3395 344 3432 nec
361 3378 498 3435 Christus
514 3383 548 3436 ad
565 3373 737 3440 sectatam
748 3383 909 3454 pertinebit
927 3395 1010 3440 tanto
1027 3385 1146 3453 autori,
1165 3401 1256 3458 quum

175 3538 178 3548 .
210 3485 266 3522 nec
284 3472 418 3528 virtualis
443 3489 499 3528 nec
523 3478 765 3546 repraesentativa
785 3495 841 3534 nec
865 3479 1039 3535 essentialis
1050 3479 1090 3536 sit
1108 3477 1256 3536 Ecclesia.

211 3561 373 3619 Cardinalis
394 3565 552 3636 Cajctanus
577 3571 687 3652 passim
706 3587 738 3626 sc
762 3571 817 3644 pro
838 3571 976 3644 Ecclesia
997 3571 1135 3629 Romana
1155 3571 1256 3630 vendi·

209 3661 253 3707 tat
275 3653 305 3708 in
327 3655 502 3727 Germania,
529 3660 585 3717 sub
604 3661 725 3718 nomine
749 3665 826 3721 illius
849 3665 957 3720 Brevia
980 3641 1146 3738 apostolica
1174 3683 1258 3723 com.

209 3745 325 3801 minisci
347 3753 418 3804 satis
440 3753 558 3808 doctus.
594 3753 650 3810 Est
669 3755 804 3814 Romana
823 3759 961 3817 Ecclesia
981 3759 1083 3816 bonus
1100 3761 1153 3817 ille
1176 3761 1256 3834 copi.

149 3883 154 3890 .
209 3841 285 3906 ista,
304 3841 354 3912 qni
380 3844 607 3903 declaratoriam
631 3849 710 3904 illam
737 3851 993 3922 pulcherrimam,
1016 3869 1074 3925 qua
1098 3855 1255 3926 CaJ'etanus

209 3933 380 4004 dignissime
403 3937 568 4009 gloriatur,
591 3943 741 4007 editurus,
768 3960 837 4000 cum
863 3947 892 4001 in
915 3947 1092 4004 formulario
1117 3965 1255 4007 sunnon

209 4029 378 4102 Scripturas
406 4043 456 4088 aut
490 4035 565 4090 ullas
595 4030 753 4120 ιιιίοιιὲις
784 4039 838 4098 sed
871 4039 1110 4120 immemorabile
1140 4053 1254 4120 tempus
