2766 4550
125 251 129 261 ’
218 291 240 358 e
698 284 785 352 1510.

220 461 277 516 ego
301 443 339 502 de
364 459 453 504 neusa
472 443 642 502 innocentis
664 451 695 500 et
722 430 890 510 doctissimi
917 440 1069 502 sommis
1091 441 1244 501 Reuchlia
1256 483 1268 513 ,

215 553 417 600 contractos
435 535 794 628 nnriploe·Colooiensess
822 539 898 597 sitne
916 538 947 594 in
965 537 1100 610 periculo
1108 537 1187 594 {idei
1217 538 1269 594 rel

143 675 151 682 .
218 635 353 696 heresis.
380 633 470 692 Nosti
492 643 610 702 autem,
628 633 743 704 optime
762 627 921 702 Magister,
939 633 1023 705 quod
1038 642 1070 686 et
1088 648 1145 701 ego
1166 632 1271 690 homi.

123 777 126 791 ,
177 733 184 740 ’
218 747 289 788 nem
308 730 339 786 io
357 744 465 798 magno
486 728 615 784 habeam
632 728 731 800 pretio
752 738 783 784 et
802 727 931 796 effectu,
947 737 978 784 et
993 727 1142 797 judicium
1163 743 1270 784 meum

132 891 135 896 ,
218 825 300 884 sorte
316 837 502 896 ,simpertum
528 833 606 891 eat,
623 825 692 895 quia
720 819 777 892 (nt
799 811 933 890 dicitur)
962 820 1096 878 liberet
1122 821 1269 880 neutralis

218 935 282 978 uon
301 934 386 975 eum:
405 928 505 974 temen
524 920 593 990 quia
615 918 729 987 exigis,
754 917 823 972 dico
843 915 925 988 quod
944 915 1066 972 seatio.
1086 915 1162 972 mibi
1181 929 1272 988 prot.

103 1023 111 1034 “
157 1033 164 1040 ·
219 1027 273 1070 ens
288 1011 361 1068 nihil
383 1026 545 1086 apparere,
564 1012 594 1068 in
614 1014 698 1070 omni
713 1011 778 1084 ejus
796 1010 913 1082 scripto
928 1009 1075 1078 oonsilio,
1093 1009 1176 1082 quod
1190 1007 1274 1080 peri.

310 1122 360 1160 um
397 1107 430 1161 it.

186 1167 190 1192 Ι
220 1106 436 1278 culoZilrnitor
447 1209 547 1260 autem
566 1201 766 1260 vehementer
780 1201 988 1264 Colonieneee,
1006 1200 1043 1257 ed
1057 1199 1130 1272 qnid
1148 1197 1272 1258 tendem

219 1301 298 1381 ‘³¹¹¹ae
310 1296 508 1368 perplexum,
534 1314 570 1356 ac
590 1301 680 1372 plnum
701 1300 761 1366 (ut
780 1297 853 1370 ipsis
875 1291 1014 1362 videtur)
1041 1292 1160 1352 Gordio
1187 1291 1272 1348 rabdo

105 1417 111 1424 ·
220 1389 462 1464 perplexiorem,
480 1393 510 1446 in
531 1392 697 1465 ramptano
718 1393 820 1466 scirpo
841 1391 1018 1464 qnaeritcnt,
1037 1404 1108 1444 cum
1126 1387 1191 1459 ipse
1208 1396 1272 1442 tam

122 1517 127 1525 ·
209 1482 338 1538 -eolenni
355 1487 573 1558 protestatione
594 1487 780 1544 creberrime
797 1495 916 1550 utatur,
936 1493 1026 1557 atque
1042 1498 1103 1538 non
1126 1479 1274 1538 articulos

218 1575 308 1646 fidei,
327 1579 380 1636 sed
401 1580 517 1636 consilii
539 1583 712 1654 opinionem
732 1589 834 1654 ponat.
870 1567 947 1656 Qun
971 1578 1104 1632 dusares
1124 1575 1201 1646 npud
1222 1589 1274 1628 me

101 1664 103 1670 ’
220 1669 263 1728 ita
282 1680 352 1730 eum
371 1671 531 1732 absolvunt
546 1693 563 1731 a
581 1685 663 1759 tanta
681 1675 906 1748 superstitione,
924 1683 959 1728 ut
979 1673 1005 1728 si
1025 1671 1162 1727 omnium
1174 1669 1273 1724 ltere.

120 1833 126 1853 .
160 1823 163 1831 ,
222 1763 302 1824 sium
335 1767 497 1824 colluviem
522 1769 553 1826 in
581 1786 637 1840 suo
666 1770 796 1827 consilio
824 1774 1058 1838 congregasset,
1089 1766 1212 1834 integras
1242 1771 1276 1818 et

221 1873 306 1930 pura
329 1859 397 1920 lidei
424 1879 494 1920 eum
517 1864 684 1924 crederem.
722 1865 751 1921 Si
777 1864 857 1920 enim
880 1860 1117 1936 protestationes
1146 1858 1221 1914 tales
1243 1865 1275 1914 et

221 1951 381 2024 opiniones
396 1973 414 2012 a
430 1957 568 2028 periculo
590 1976 652 2014 non
669 1970 740 2014 sunt
759 1957 877 2024 liberes,
901 1954 1068 2012 timendum
1091 1951 1180 2010 nobis
1201 1952 1275 2020 erit,

222 2061 262 2100 ne
278 2047 360 2103 forte
378 2052 499 2106 tandem
516 2069 573 2124 pro
592 2052 679 2110 libito
698 2053 749 2110 isti
768 2048 1124 2124 inquisitoresdncipiant
1140 2045 1275 2105 camelos

223 2138 333 2208 glutire
353 2152 384 2196 et
401 2143 513 2201 culices
534 2146 655 2216 colare,
673 2155 704 2204 et
721 2132 1184 2213 ‹irrlnnlouos(etiamsi01122212¹
1203 2155 1276 2212 1³¹⁰·

221 2239 392 2303 testentur,
405 2253 467 2307 pro
487 2237 639 2300 haereticis
657 2241 870 2312 pronunciare.
935 2293 942 2310 ,

223 2341 227 2350 ·
291 2325 363 2384 Jnm
384 2345 456 2383 vere
472 2331 512 2386 de
533 2331 595 2388 boc
616 2334 687 2405 quid
711 2336 829 2401 dicam,
858 2333 940 2405 quod
964 2329 1136 2388 Beelzebub
1164 2329 1279 2400 ejicere

223 2418 410 2491 moliuntur,
429 2431 459 2476 et
473 2439 533 2479 non
548 2426 578 2479 in
598 2427 692 2496 digito
704 2427 791 2485 Dei?
808 2429 875 2483 llcc
893 2435 955 2495 est,
975 2427 1057 2498 quod
1074 2441 1151 2496 saepe
1168 2424 1279 2495 plango

224 2521 257 2568 et
270 2514 370 2570 doleo.
407 2515 488 2590 Quia
502 2535 561 2574 nos
577 2519 740 2588 Christiani
755 2523 921 2594 incepimus
939 2521 1016 2578 loris
1034 2535 1156 2594 supere,
1175 2526 1206 2571 et
1221 2515 1282 2571 do-

223 2606 266 2663 'mi
282 2609 430 2680 desipere.
468 2611 650 2688 Centuplum
666 2617 787 2688 peiores
803 2625 872 2672 sunt
887 2616 1081 2687 blasphemia
1098 2630 1151 2686 per
1171 2627 1282 2668 omnes
1346 2637 1349 2646 ·

224 2700 337 2778 plateas
356 2701 546 2778 Jerusalem,
565 2719 595 2764 et
614 2712 713 2766 omnia
735 2711 939 2783 spiritualibus
958 2711 1046 2766 idolis
1069 2710 1166 2780 plena.
1201 2705 1281 2782 Quae

224 2811 296 2851 cum
315 2799 435 2862 summo
456 2800 516 2862 sint
536 2803 635 2865 studio
654 2806 805 2869 tollenda.
831 2814 972 2878 tanquam
997 2803 1129 2860 intestini
1152 2801 1283 2864 hostes,
1373 2795 1374 2798 ’

224 2907 282 2948 noe
305 2901 403 2952 tamen
427 2897 543 2954 relictis
564 2900 704 2956 omnibus
723 2901 798 2962 illis,
824 2904 889 2973 quan
913 2911 970 2955 nos
993 2890 1126 2954 inaximo
1152 2880 1282 2966 urgent,

224 2985 262 3040 ed
278 2995 400 3044 exteras
420 2999 450 3045 et
472 2995 644 3064 peregrinas
663 3011 768 3052 caricas
783 2995 1007 3061 convertimur,
1034 2992 1179 3048 suadente
1200 2988 1283 3046 scili.

224 3089 275 3138 cet
289 3079 423 3140 Diabolo
431 3125 443 3155 ,
461 3095 495 3142 nt
510 3098 615 3146 nostro
630 3089 822 3159 deseramus,
840 3099 871 3146 et
888 3089 982 3144 aliene
996 3103 1055 3142 non
1072 3086 1281 3145 emendemus.

291 3175 439 3237 Potestne
462 3179 594 3242 obsecro
613 3184 674 3242 isto
693 3187 760 3245 selo
786 3181 896 3254 aliquid
914 3181 1035 3238 stultius
1062 3191 1092 3246 et
1108 3179 1285 3254 impruden.

224 3267 285 3325 tine
304 3273 451 3341 cogitari?
474 3275 558 3331 Itane
573 3295 636 3334 non
656 3277 771 3336 habent
791 3278 927 3334 infelices
951 3275 1148 3336 colonienses
1168 3276 1199 3332 in
1217 3273 1286 3334 Em

224 3361 316 3419 clesia
337 3365 417 3423 ieras
437 3375 467 3422 et
483 3359 757 3431 turbulentissimas
780 3389 905 3441 causas,
929 3372 981 3428 ubi
999 3379 1163 3428 exerceant
1182 3369 1285 3426 scien.

224 3455 316 3527 tiam,
343 3461 460 3531 zelum,
484 3463 663 3522 charitatem
683 3483 769 3524 suurn
780 3508 792 3538 ,
819 3478 853 3525 ut
875 3477 1001 3524 necesse
1020 3467 1061 3524 eit
1078 3481 1131 3522 eos
1151 3473 1214 3523 tam
1234 3480 1288 3538 re,

224 3549 317 3606 motis
334 3568 350 3605 a
372 3555 461 3612 nobie
480 3558 631 3616 mentibus
651 3546 716 3618 illa's
734 3563 906 3636 exquirere.
960 3586 965 3608 ι

175 3703 182 3728 z
292 3644 350 3701 Sed
374 3650 445 3718 quid
463 3651 565 3710 facio?
589 3653 710 3730 plenum
728 3667 774 3712 est
793 3673 967 3713 cormeum
985 3655 1095 3714 harum
1121 3653 1285 3728 cogitatio.

171 3759 177 3768 ·
223 3753 297 3796 num
313 3743 425 3812 magis,
444 3761 535 3816 qnam
554 3749 652 3820 lingue
673 3751 778 3834 dicere
788 3751 895 3824 possit.
930 3750 999 3806 Hoc
1017 3751 1139 3818 tandem
1155 3748 1285 3806 conclu.

104 3871 110 3886 ,
223 3831 285 3901 do,
304 3849 374 3890 cum
395 3853 450 3908 per
466 3855 571 3898 omnes
586 3845 750 3917 prophetae
764 3846 940 3917 praedictum
957 3845 1013 3908 sit,
1030 3845 1156 3902 Judaeos
1175 3843 1283 3900 Deum

222 3931 253 3978 rt
278 3943 382 4020 regom
409 3948 497 3988 suum
527 3933 692 3994 Christum*
704 3939 920 3994 maledicturus
941 3948 972 3996 et
996 3939 1282 4012 blasphematuros,

221 4029 318 4104 etqui
333 4029 396 4090 hcc
411 4047 473 4090 non
487 4031 560 4101 legit
577 4033 626 4090 rel
646 4028 795 4106 intelligit,
814 4033 912 4092 fateor
929 4051 998 4094 cum
1020 4034 1154 4094 nondum
1170 4032 1286 4092 vidisse
