2714 4556
640 56 646 65 ¹
708 73 727 100 t

726 282 815 348 tels.

315 443 449 514 Proinde
465 441 538 498 mihi
559 439 655 498 visum
681 451 746 514 est,
775 458 842 500 rem
868 439 948 496 baruc
972 453 1039 498 esse
1064 441 1124 496 mei
1144 402 1238 498 sluilii
1266 449 1300 497 et

246 541 354 606 officii,
388 539 539 610 disputare
565 537 680 593 seilicet
705 539 742 594 de
771 536 861 592 rebus
893 535 1027 590 omnium
1056 525 1299 604 dubioeissimis,

133 645 136 652 '
164 651 169 658 ·
243 637 297 692 sed
321 633 422 702 simul,
450 631 475 688 si
501 632 594 699 salsae·
611 629 983 704 sint,‘pericnlosissimis
1005 637 1141 684 asserto:
1173 629 1298 700 quando

160 743 165 759 ·
241 719 399 799 hucusque
418 727 533 782 licitum
554 735 600 781 est
620 725 828 791 scholasticis,
855 724 891 779 de
911 724 947 780 iis
970 723 1061 779 etiam
1081 723 1175 778 rebus
1193 739 1298 778 sacra.

241 823 364 897 tissimis
382 819 634 891 reverendisque,
654 837 726 892 quas
746 835 800 892 per
819 827 867 874 tot
889 818 1008 888 saecula
1027 815 1126 874 nullus
1144 815 1297 873 dubitavit

234 897 450 982 'Christianus,
470 915 631 985 disputare.

154 999 180 1052 ¹-
307 1007 399 1080 Quod
421 1025 495 1064 vero
514 1007 635 1062 humilis
658 1016 688 1062 et
713 1009 829 1079 deJ'ecta
853 1017 959 1063 eorum
981 1006 1021 1062 sit
1039 1005 1145 1076 religio
1163 1021 1219 1061 seu
1245 1021 1295 1060 re.

238 1103 392 1172 verentia,
411 1103 461 1174 qui
479 1101 517 1155 de
535 1111 684 1171 potestate
702 1103 907 1159 ecclesiastica
925 1117 977 1158 seu
999 1102 1110 1170 summi
1130 1098 1293 1156 Pontificis
1350 1159 1353 1178 ,

237 1203 343 1269 putent
362 1207 423 1252 non
445 1196 673 1268 disputandum,
693 1197 745 1252 sed
762 1197 922 1252 tacendum
944 1204 974 1250 et
993 1194 1102 1266 gratias
1121 1195 1294 1263 agendum,

237 1293 303 1363 quis
327 1308 388 1348 nou
412 1290 459 1349 vel
475 1291 592 1362 palpet,
611 1295 735 1361 quaeso?
755 1305 810 1344 cur
827 1305 888 1346 non
906 1288 995 1344 etiarn
1012 1297 1160 1358 tacentes
1177 1289 1293 1357 gratias

211 1377 347 1454 ‘anunt,
375 1393 405 1440 et
423 1401 491 1440 suas
517 1385 641 1440 frivolas
667 1383 882 1455 disputationes
909 1382 1053 1458 omittunt
1076 1382 1113 1438 de
1137 1390 1293 1452 potestate

150 1464 153 1474 ¹
234 1489 265 1548 et
289 1479 431 1550 sapientia
461 1487 492 1534 et
515 1479 649 1533 bonitate
677 1479 768 1557 ejus„
794 1478 845 1548 qui
877 1476 959 1532 dedit
989 1477 1076 1532 istam
1103 1485 1293 1548 potestatem
1352 1521 1353 1524 η

231 1571 402 1630 Ecclesiae?
428 1571 569 1642 Denique
593 1573 664 1644 quid
688 1581 734 1627 est
761 1569 874 1638 tam⁰)
908 1579 1078 1640 secretum,
1113 1571 1163 1624 vei
1185 1572 1216 1628 in
1239 1571 1292 1626 illa
1352 1623 1353 1644 ,

231 1683 349 1724 summu
374 1666 530 1738 majestate
557 1667 604 1722 vel
633 1666 833 1722 sacratissima
866 1664 1075 1733 humanitate,
1111 1668 1196 1736 quod
1221 1681 1289 1720 non

230 1779 326 1834 prope
344 1762 430 1831 nugis
445 1763 489 1842 ita
508 1745 793 1826 contantiuarerint,
823 1766 857 1812 ut
879 1759 1013 1814 omnium
1039 1752 1122 1829 paene
1155 1768 1187 1813 et
1213 1759 1290 1814 affe.
1352 1825 1353 1848 ,

230 1865 313 1910 ctum
340 1865 370 1910 et
394 1855 593 1910 reverentiam
618 1853 757 1908 cordium
781 1853 953 1908 assiduitate
980 1853 1109 1922 nugandi
1133 1853 1163 1908 in
1182 1853 1289 1910 Deum

228 1950 436 2006 extinxeriuti
471 1947 528 2004 Se'd
547 1949 583 2002 de
602 1948 664 2004 hoc
683 1947 763 2004 alias.
1148 1997 1152 2004 .

298 2045 393 2114 Igitur
424 2060 494 2100 cum
522 2043 551 2098 in
576 2042 654 2098 hanc
683 2055 810 2096 arenam·
827 2055 971 2112 vocarem
1002 2035 1129 2110 ornnes,
1167 2044 1289 2098 veniret
1352 2025 1353 2060 ³

227 2153 302 2194 vero
320 2139 436 2205 mullus,
456 2138 561 2192 deinde
578 2137 712 2190 viderem
730 2135 944 2206 disputationes
961 2150 1047 2190 meas
1064 2137 1153 2192 latius
1169 2140 1285 2206 vagari,
1352 2131 1353 2196 ἶ

231 2247 323 2302 quam
354 2231 530 2297 volueram,
557 2239 646 2298 atque
676 2229 808 2300 passini,
840 2245 900 2284 non
931 2238 965 2282 ut
992 2229 1200 2300 disputabilia,
1228 2233 1286 2288 sed
1352 2279 1353 2296 ,

182 2333 341 2387 ῃιιεεειῑι
361 2323 596 2403 acciperentur:¹
617 2333 742 2377 coactus
766 2337 832 2377 sum
855 2332 964 2394 praeter
986 2339 1072 2394 spem
1102 2335 1133 2379 et
1155 2335 1285 2392 votum,

225 2431 324 2470 meam
345 2417 499 2470 infantium
515 2425 545 2470 et
569 2415 766 2483 ignorantiam
786 2416 814 2472 in
838 2408 943 2486 vulgiis
964 2418 1104 2486 mittere,
1129 2427 1161 2474 et
1181 2420 1286 2474 decla.

226 2509 422 2593 rationeslac
449 2509 644 2580 probationes
670 2525 774 2566 earum
797 2510 826 2564 iu
853 2510 1007 2582 publicum
1036 2512 1149 2577 edere,
1183 2514 1284 2574 satius

226 2613 310 2658 ratus
334 2619 383 2662 me
404 2605 527 2667 facere,
560 2605 584 2659 si
616 2603 768 2675 imperitiae
795 2620 868 2659 meac
894 2605 1044 2662 infamiam
1072 2607 1283 2674 incurrerem,
1352 2623 1353 2648 ι

226 2713 316 2769 quarn
335 2697 403 2758 illos
427 2713 528 2752 errare
547 2698 695 2766 sinerem,
721 2697 772 2769 qui
793 2699 872 2754 forte
893 2709 998 2771 putant
1021 2699 1120 2756 ornain
1141 2717 1211 2756 esse
1232 2717 1283 2774 as.
1352 2749 1353 2762 ,

219 2801 316 2848 serta.
352 2792 435 2846 Inter
459 2807 524 2862 quae
546 2802 635 2860 sunt,
662 2795 699 2847 de
722 2793 831 2864 quibus
852 2793 1281 2866 dubitmndnnullaignoro,
1352 2791 1353 2878 i

224 2886 320 2957 aliqua
342 2899 371 2942 et
394 2903 491 2956 nego,
516 2873 608 2957 nuilla⁸
622 2904 697 2944 vero
729 2888 921 2959 pertinaciter
945 2901 1068 2958 assero,
1094 2891 1149 2946 sed
1175 2891 1305 2946 omnia--

222 2979 368 3036 Ecclesiae
391 2969 501 3036 sanctae
526 2999 642 3052 suoque
656 2983 772 3053 judicio
791 2983 947 3040 submitto.

290 3073 367 3130 Cum
387 3093 461 3132 vero
483 3077 819 3149 ru„0pnme1³raesut,
843 3077 931 3133 nobis
955 3095 1010 3150 per
1033 3077 1280 3134 misericordiane
1352 3071 1353 3078 '

175 3237 180 3246 .
223 3167 336 3226 Christi
361 3172 446 3228 datus
473 3173 514 3226 sis
539 3173 630 3243 hujus
654 3173 713 3229 loci
742 3173 920 3230 Ordinarius
949 3173 1004 3240 (ut
1034 3173 1189 3242 vocant),
1223 3173 1278 3244 qui
1352 3169 1353 3200 ³

220 3266 341 3338 quidem
372 3265 472 3322 bonos
505 3277 534 3321 et
564 3271 698 3324 eruditos
730 3285 791 3324 nou
822 3270 913 3322 inodo
947 3268 1044 3336 diligis
1059 3257 1092 3338 d)
1128 3267 1277 3336 mirifice,
1352 3275 1353 3338 ζ

220 3361 300 3430 quod
325 3362 355 3415 in
381 3361 483 3415 multis
507 3362 592 3416 multi
617 3364 777 3434 plurimum
802 3363 985 3433 praedicant,
1011 3379 1119 3417 verum
1142 3379 1200 3434 pro
1224 3371 1276 3416 tua
1352 3355 1353 3400 l

219 3454 359 3524 singulari
393 3455 576 3510 humanitate
602 3469 631 3510 et
656 3457 823 3512 humilitate
849 3475 943 3528 prope
968 3473 1064 3527 usque
1088 3459 1125 3512 ad
1155 3457 1276 3528 pericu.

216 3545 279 3600 lum
297 3549 474 3618 pontificalis
496 3551 645 3618 diguitatis
673 3555 761 3604 etiiun
784 3553 936 3606 veneraris
960 3563 992 3607 et
1014 3552 1089 3607 colis
1118 3553 1274 3622 (lacessat

146 3657 155 3666 ·
217 3624 363 3720 adulatio,
390 3655 521 3712 nonio,
554 3645 606 3698 sed
626 3643 739 3720 Christi
762 3647 838 3700 dona
860 3647 890 3700 in
912 3657 941 3702 te
964 3638 1138 3715 praedico):
1163 3647 1273 3718 justis·

218 3734 327 3788 simum
359 3735 437 3812 luit,
468 3751 499 3790 ut
525 3737 578 3791 tibi
609 3736 663 3806 (ad
691 3753 781 3814 quem
803 3743 934 3812 pertinet
959 3739 1051 3813 hujus
1079 3727 1141 3796 loci
1169 3741 1269 3796 studia

270 3961 297 4006 c)
326 3932 542 4002 norit-'ram
682 4012 683 4016 Ἰ

270 4035 301 4088 (l)
331 4035 393 4081 vit.
407 4036 474 4086 Jen.
493 4035 589 4092 diligen
