2716 4556
556 303 668 393 nno.
1094 313 1177 387 toa

83 461 225 522 Rom'aui
246 461 566 522 Pontidoisuomiue.
608 465 692 540 Quid
715 467 796 524 enim
820 483 882 526 nou
909 471 1072 544 auderent,
1102 479 1160 550 qui·

84 560 151 616 sub
171 559 260 631 Papae
277 559 399 616 nomine
421 561 503 616 talaia
522 559 668 616 brevibus
686 578 737 616 me
755 563 864 634 ritant,
891 577 1036 638 mouent,
1065 585 1157 627 aoeu.

81 663 178 723 saut,
197 656 356 718 damnant,
377 639 555 712 haretionm
575 656 754 713 declarant?

162 747 266 804 Fidem
288 757 388 805 autem
409 749 483 806 mihi
506 751 597 820 iacit,
623 767 690 805 mea
711 765 779 808 eaae
800 765 872 810 aena
897 762 929 816 et
946 761 1050 824 reeta,
1069 758 1155 827 quod
1215 779 1218 790 ·

80 843 141 912 hi,
170 843 222 917 qui
250 844 328 915 apud
353 853 475 900 exteras
496 843 634 900 nationes
655 831 743 915 aaut,
770 854 802 902 et
823 848 923 902 neutri
948 849 1080 918 partium
1103 852 1156 906 ad.
1184 879 1190 886 ·

79 939 224 1007 herent,
250 937 482 1014 iugeniopieaimi
505 949 538 995 et
564 939 751 1008 doctissimi,
765 939 849 996 'mihi
869 939 1032 1012 plurimum
1051 953 1155 1012 gratu.
1258 1005 1263 1016 ¹

79 1034 207 1103 lanturp
232 1033 315 1106 quod
336 1041 367 1090 et
388 1034 526 1090 accidere
551 1035 725 1090 reverendae
749 1034 925 1093 Pateruitati
946 1045 1005 1092 tuan
1025 1037 1155 1096 firmiter

81 1127 292 1198 crediderim,
317 1130 343 1184 ei
363 1144 425 1198 praa
442 1128 573 1199 negotiin
589 1139 730 1199 nauaret3
755 1146 823 1186 mea
847 1131 961 1204 scripta
979 1132 1028 1188 vei
1050 1133 1154 1204 legere
1225 1195 1227 1202 ,

79 1223 135 1278 vei
158 1223 272 1278 andire.
344 1221 348 1238 '
643 1273 646 1280 .
782 1227 789 1239 '

158 1317 312 1386 Proinde,
343 1301 473 1389 quando'
489 1335 546 1388 ego
575 1335 638 1376 nou
658 1333 785 1389 puteum
805 1319 937 1389 offendi,
964 1321 1023 1377 nisi
1038 1325 1153 1380 veritae

80 1411 179 1470 simui
196 1411 386 1500 offendetur,
410 1413 435 1468 ai
458 1411 611 1496 reprobqr
629 1414 766 1484 auditus,
789 1425 844 1470 aut
864 1427 1049 1474 contemnor
1069 1418 1154 1474 audi.

81 1519 176 1592 turus
197 1507 319 1578 (neque
339 1509 419 1562 enim
436 1507 514 1563 aliud
534 1509 635 1562 tacere
651 1525 776 1579 poenum
791 1509 936 1581 amplius,
956 1527 1047 1582 quam
1065 1513 1150 1584 quod
1251 1585 1253 1590 Ι

81 1601 260 1656 auditurum
274 1618 324 1656 me
338 1601 487 1672 polliceor
502 1603 645 1671 meliora,
666 1604 690 1658 si
706 1603 786 1660 bonu
804 1621 866 1660 nou
884 1619 969 1673 aaut,
992 1605 1022 1660 iu
1040 1606 1153 1678 quibua

81 1697 236 1763 rudiori:
272 1695 355 1752 voiui
385 1695 434 1750 hie
467 1695 563 1754 literis
591 1700 764 1757 reverenda
792 1685 971 1756 Perennitati
998 1710 1058 1756 tua
1084 1705 1152 1757 tum
1256 1769 1259 1774 ,

79 1805 190 1846 meum
219 1789 355 1846 debitum
385 1789 516 1846 officium
538 1795 734 1862 persolvere,
759 1809 798 1849 ne
820 1791 973 1851 Dominus
991 1811 1079 1852 mena
1097 1796 1153 1850 ali..

81 1903 148 1958 quo
167 1883 235 1940 siba
255 1885 304 1939 vel
326 1887 593 1958 papndopropheta
621 1888 782 1944 Zedeehia
802 1872 1087 1960 praeoccuparetur,
1119 1896 1153 1944 et

82 1981 121 2036 ad
145 1979 220 2034 tanti
245 1977 388 2052 Episcopi
407 1981 581 2052 exemptum
602 1982 724 2053 plurimi
747 1981 857 2038 eimiiia
871 1991 1031 2052 saperent,
1057 1989 1151 2052 atque

81 2076 125 2130 ita
156 2089 228 2130 meo
253 2074 390 2134 attentio.
420 2092 482 2130 uon
507 2089 608 2131 meam
634 2077 758 2148 quidem
787 2077 921 2145 famam,
951 2077 1006 2156 ned
1034 2073 1150 2132 Christi

82 2170 216 2236 gloriam
238 2169 414 2243 pessundari
437 2169 668 2242 permitterem:
698 2181 766 2226 tum
791 2170 955 2257 ῙιιιιιιὶιίιιιιιΙ
973 2179 1005 2225 et
1034 2169 1150 2232 obnixe
1176 2157 1180 2164 ’

82 2279 215 2334 rogare,
246 2275 280 2320 ιιι
296 2265 465 2320 reverenda
487 2263 659 2322 Paternitaa
679 2273 732 2320 tua
752 2264 827 2320 velit
847 2265 1149 2336 meumparvitatem

81 2375 146 2416 aute
177 2359 344 2416 clementie
377 2357 492 2414 habere
526 2361 792 2421 commendatam,
828 2367 859 2414 et
883 2360 909 2415 ai
936 2375 986 2413 me
1018 2373 1148 2429 nequam

83 2469 204 2510 errante
224 2455 308 2511 norit
324 2465 376 2510 ant
395 2456 519 2521 eredat,
548 2465 672 2526 paterne
689 2467 863 2522 revocare,
894 2463 924 2510 et
942 2469 1082 2510 errorem
1103 2453 1150 2510 iu·

82 2550 199 2606 dicare.

154 2642 235 2700 Nam
262 2644 346 2717 qnod
373 2645 411 2700 de
435 2651 586 2716 potestate
610 2641 741 2700 Romani
772 2641 932 2700 Pontificio
958 2641 1001 2698 et'
1015 2651 1145 2711 utraque

83 2738 189 2808 apeoie
212 2737 395 2794 Sacramenti
420 2740 451 2795 iu
476 2755 525 2796 ma
551 2749 669 2794 tautum
700 2739 835 2806 etevant,
861 2736 982 2794 eoufido
1005 2737 1147 2808 proprias

83 2845 197 2886 eorum
220 2833 419 2890 eonscientiae
437 2850 493 2905 pro
512 2849 561 2888 me
578 2832 753 2900 teitiiieari,
778 2847 836 2886 neo
854 2831 1014 2888 dissentire
1033 2845 1091 2888 noa
1114 2831 1147 2886 iu

81 2942 119 3002 ea
145 2941 200 2996 re,
230 2927 286 2984 uiui
315 2928 397 2982 torte
425 2928 494 2984 auio
519 2927 653 2984 numine.
699 2925 815 2982 Verum
838 2925 921 2982 dabit
946 2927 995 2982 hia
1020 2941 1147 2998 qnoque

80 3021 171 3077 Deua
190 3037 280 3078 uuum
297 3021 404 3092 duem,
423 3023 473 3094 qui
488 3023 687 3078 reverendam
707 3017 926 3076 Pateruitntem
944 3031 1027 3075 tuam
1042 3024 1149 3074 servet

80 3133 118 3172 ae
132 3125 218 3186 regat
232 3119 262 3174 iu
278 3117 397 3184 nucula,
410 3119 521 3173 Amen.
539 3115 655 3172 Datum
662 3113 913 3185 Wittemberga,
933 3109 961 3170 ti.
975 3111 1146 3184 Februarii,
1242 3167 1248 3174 ,

82 3227 161 3268 anno
180 3211 320 3269 MDxx.

150 3305 339 3364 Reverendo
351 3273 548 3365 Paternitutis
566 3312 623 3362 tuae
641 3277 843 3380 pauperculus
862 3269 1018 3376 precator
1243 3379 1251 3390 ι

743 3398 779 3458 F.
797 3397 952 3457 Martiana
970 3395 1142 3458 Lntherue.

365 3695 887 3737 ——y—-n-—ffl
1006 3684 1013 3699 '
