2756 4558
219 287 282 358 ass
710 241 799 358 trra.

224 445 369 522 opuscula
389 443 738 506 tenueriott.coniessos
755 445 833 500 mala
847 411 1014 516 mulctant,
1031 453 1066 502 nt
1078 444 1153 502 mihi
1168 443 1270 504 acn'bit

224 545 362 599 Andreas
381 540 588 600 Caruitzianus.
624 537 698 596 Vide
719 540 876 612 tenebras,
893 540 961 611 vide
978 541 1120 599 insanias:
1139 541 1269 611 theologi
1361 570 1362 646 ἢ

224 637 257 696 hi
276 649 357 693 sunt·

218 742 221 750 ’
294 731 394 789 Credo
425 730 460 786 ad
487 739 518 786 te
545 730 717 804 pervenisse
748 729 830 787 initia
860 746 926 786 mea
956 747 1048 803 super
1071 729 1271 796 Psalteriom,

206 827 283 898 ,jam
306 827 382 881 addo
405 823 483 881 aliud
512 824 685 897 exemplar,
714 841 777 898 quo
799 835 884 880 tuum
908 825 1052 908 corrigas.
1087 825 1170 894 Scia,
1195 822 1271 896 quud
1301 835 1305 846 ·

225 919 477 989 Emsernoater,
503 921 592 976 etiam
611 919 683 975 dum
700 927 784 976 reota
805 921 936 982 format,
961 928 1054 974 errat.

295 1015 390 1070 Mitto
413 1015 637 1084 grammaticam
656 1013 747 1070 Mose
763 1012 905 1076 Kimchi‚
928 1013 1028 1069 donec
1046 1011 1132 1066 aliam
1145 1018 1179 1066 tu
1199 1010 1275 1066 obti-

226 1125 313 1166 neas:
339 1108 405 1164 hacc
429 1107 502 1163 mihi
524 1109 605 1163 dono
620 1108 711 1164 missa
730 1117 776 1162 est
792 1106 828 1161 ab
847 1107 1014 1164 Anshelmo
1037 1105 1169 1162 Thoma.
1209 1103 1274 1160 Edu

225 1185 315 1260 simul
343 1181 559 1258 commentaria
581 1201 617 1258 ad
641 1199 763 1258 Galatas
779 1187 889 1273 Lipsiae
906 1199 1092 1256 excudenda.
1136 1199 1166 1254 Si
1189 1216 1276 1254 vene.

207 1291 288 1354 'ri'ut
313 1297 343 1351 in
368 1311 472 1352 manus
497 1307 562 1352 tues
587 1298 646 1352 duo
667 1311 823 1352 sermones
848 1295 885 1351 de
904 1294 1014 1368 duplici
1029 1293 1165 1365 justitia,
1193 1293 1276 1348 etde

227 1391 441 1456 matrimonio,
467 1390 563 1446 altero
592 1389 723 1459 Latino,
752 1390 848 1446 altero
875 1387 1038 1444 vernaculo
1051 1385 1109 1459 ²):
1136 1403 1192 1457 age
1205 1386 1276 1442 -olli,

90 1521 96 1548 .
158 1523 163 1530 -
228 1485 325 1568 ciumr
346 1484 465 1554 excepti
481 1472 550 1540 sunt
571 1485 655 1556 milri,
675 1495 707 1540 et
726 1501 775 1540 ma
784 1483 884 1540 inscio
903 1483 1057 1553 invulgati,
1076 1483 1128 1538 scd
1146 1491 1177 1539 ct
1197 1491 1277 1536 men.

229 1578 387 1634 dosissime
409 1595 444 1634 ec
469 1575 579 1636 insulse
600 1591 665 1634 tum
685 1577 805 1634 collecti
828 1587 893 1634 turn
914 1578 1043 1634 excusi:
1067 1593 1133 1632 mea
1154 1576 1278 1646 ignomi.
1364 1649 1365 1664 ἵ

116 1689 120 1692 ·
228 1672 276 1728 nir
308 1672 372 1727 hac
396 1681 453 1728 est.
503 1671 682 1728 Orationem
714 1655 910 1728 Domini'oana
937 1671 1131 1728 instauratam
1159 1685 1277 1740 quoqne

226 1751 346 1823 mitto*
367 1765 481 1822 Caetera
498 1765 667 1838 Philippus.
702 1765 802 1822 Credo
826 1776 856 1821 te
880 1760 1194 1822 methodon'Erasmi
1223 1780 1280 1819 no.

229 1875 300 1913 vam
318 1859 450 1930 vidisse,
477 1875 533 1916 seu
549 1861 698 1917 rationem
715 1859 892 1930 theologiae:
920 1860 1033 1917 nollem
1051 1875 1120 1916 aum
1138 1868 1202 1916 tam
1219 1858 1281 1914 cito
1365 1881 1366 1886 ¹

231 1952 418 2008 defunctum.

270 2045 447 2120 ,Vidistine
478 2049 508 2103 in
532 2048 686 2122 opusculis
707 2049 784 2106 meis
807 2047 1020 2106 Basiliensibus
1051 2055 1159 2105 contra
1193 2047 1285 2102 silve.

173 2199 176 2215 ,
230 2148 347 2210 atrum,
373 2142 456 2214 quod
482 2141 583 2199 studio
605 2143 700 2214 magis
724 2160 814 2216 quarn
837 2159 942 2200 errore
965 2143 1121 2219 moqirum
1142 2159 1200 2214 pro
1217 2157 1286 2196 mo-

230 2233 362 2309 qistrum
378 2235 493 2304 palatii
511 2238 541 2292 in
560 2238 660 2294 fronte
678 2240 870 2319 scripserint,
889 2239 995 2294 deinde
1018 2247 1048 2292 et
1071 2238 1142 2292 alius
1162 2235 1286 2292 mendas

175 2393 180 2401 ι
232 2328 262 2382 in
283 2328 488 2397 marginibus,
508 2329 684 2394 irrisiones?
708 2332 831 2388 Dicitur
848 2331 958 2399 nobis,
989 2328 1166 2401 Cajetannm
1183 2330 1287 2386 Cardi-

231 2423 331 2477 nalem
351 2439 418 2479 esse
445 2422 614 2493 Mogunriae
634 2427 812 2482 conclusum
827 2425 864 2480 ab
879 2425 1026 2497 Hispaniae
1046 2422 1147 2480 Car'oli
1164 2431 1288 2496 aposto.
1367 2449 1368 2482 r

233 2515 272 2574 lis
283 2555 292 2583 ,
311 2518 391 2586 quod
410 2517 440 2572 in
457 2517 619 2573 factionem
644 2518 800 2592 Gallorum
822 2521 901 2589 regis
923 2521 1023 2574 omnic
1042 2518 1135 2574 luerit
1151 2519 1289 2596 molitus.

234 2609 414 2682 Scripsimus
448 2610 484 2665 ad
511 2609 678 2667 ·Erasmnm
711 2612 869 2686 Philippus
898 2623 929 2668 et
962 2630 1029 2682 ego.
1082 2610 1167 2668 Ecce
1192 2611 1289 2666 habes

234 2705 359 2773 omniu,
390 2721 456 2778 quae
481 2705 614 2762 voluisti.
660 2705 857 2762 Reverendns
886 2707 979 2764 Pater
1011 2706 1145 2764 Vicarius
1175 2705 1290 2762 oblitus

236 2807 283 2853 eat
315 2799 437 2866 nostri,
467 2799 541 2854 adeo
569 2799 643 2867 nihil
672 2799 789 2857 scribit.
834 2801 1050 2860 Reverenduua
1082 2797 1207 2856 Patrem
1241 2799 1290 2856 M.

235 2889 366 2962 Usingeu
389 2891 698 2974 bumanitersaluta,
727 2896 799 2950 item
827 2906 858 2952 et
878 2895 925 2952 M.
954 2895 1127 2950 Johanncm
1150 2893 1289 2950 Nathin:

174 2999 178 3008 ·
235 2985 442 3058 fratribusque
455 2989 504 3040 ule
521 2989 703 3044 commando
723 2990 830 3058 enixe,
849 3006 926 3061 quos
944 2989 1033 3044 etiam
1052 2989 1151 3044 saluto
1171 3003 1294 3044 omnes.

306 3079 339 3134 lu
365 3079 421 3134 fine
441 3082 477 3135 de
494 3081 622 3138 Hebraeo
642 3081 752 3138 iterum
767 3094 797 3138 te
815 3100 927 3139 moneo
935 3093 947 3150 ,'
965 3100 1025 3155 quo
1045 3081 1294 3138 adolescentibus

236 3173 359 3245 optimis
379 3174 491 3244 optime
509 3175 778 3246 theologisantibus
798 3179 933 3249 mireque
954 3175 1129 3232 ardentibus
1145 3175 1176 3230 in
1191 3187 1294 3232 rectas

236 3265 339 3322 literas
369 3283 581 3339 cooperemur.
624 3269 697 3325 Vale
724 3280 754 3327 et
778 3275 830 3340 tu,
857 3272 952 3328 valent
979 3279 1009 3325 et
1035 3285 1106 3325 crue
1134 3279 1241 3336 tuum,
1268 3268 1294 3323 si

190 3441 192 3446 Ι
238 3361 376 3420 Christus
394 3363 486 3419 volet.
516 3361 763 3436 Wittembergae,
780 3364 807 3422 l.
821 3375 890 3438 post
901 3364 1029 3433 Judica,
1046 3363 1295 3426 annoMDXIX·

741 3459 775 3516 F.
793 3459 946 3516 Martinus
965 3457 1138 3526 Lutlrerus,
1159 3459 1296 3528 August.

307 3573 384 3630 Illud
404 3584 549 3645 preterea
564 3591 603 3630 na
624 3577 763 3646 omittas,
781 3589 816 3633 nt
832 3577 944 3633 donam
965 3583 1155 3632 nostramet
1177 3574 1299 3632 doctis.

239 3664 351 3721 almum
373 3679 404 3722 et
429 3671 642 3726 amicissimum
663 3685 830 3728 memorem
854 3672 961 3728 reddas
980 3672 1063 3738 mei,·
1085 3679 1153 3724 eta
1176 3685 1229 3724 mc
1252 3669 1299 3724 di-

137 3779 142 3787 ·
240 3759 291 3828 ligi
312 3743 478 3819 denunties.
512 3763 558 3820 Ita
584 3767 614 3820 et
634 3763 677 3820 D.
696 3763 886 3824 Ludoricum
907 3765 1097 3842 Melsingcn‚
1127 3775 1159 3820 et
1184 3775 1317 3820 omncs-

241 3863 333 3910 uotos
352 3867 448 3910 meos.

293 4041 323 4082 ⁸)
351 4028 409 4082 &til
422 4029 485 4084 wall
499 4031 595 4086 bellent
618 4037 680 4084 altar
694 4036 811 4111 Lausus,
826 4036 888 4084 alter
899 4035 1051 4086 vernaculos.
