2716 4556
228 307 289 377 402

229 466 388 535 revocari,
407 465 478 538 quin
497 471 601 536 raptus
613 463 802 520 multitudino
822 471 853 520 et
869 465 1031 523 autoritate
1048 464 1197 520 salsorum
1215 481 1289 537 pro.

229 565 402 638 phetarum,
417 577 487 615 cum
502 539 595 632 impio
612 575 682 628 rege
696 559 804 614 Achab
818 561 874 616 iret
888 561 917 614 in
931 561 1131 636 praecipitium
1146 561 1289 630 periculi.

298 656 347 711 Sin
375 665 474 710 autem
501 669 574 708 vera
602 661 685 717 sunt,
711 654 839 716 mirum.
865 654 927 710 imo
951 655 1098 710 misorum
1125 665 1196 722 est,
1223 671 1287 710 oon

227 751 372 818 inveniri,
400 750 450 820 qui
470 763 519 802 me
540 749 651 803 docere
672 748 833 816 dignetur,
859 748 910 819 qui
936 749 1028 804 toties
1048 747 1179 819 promisi
1202 751 1289 803 audi.
1344 743 1345 810 i

228 855 330 904 turum
349 843 493 910 meliora,
513 851 543 898 et
561 841 741 896 sententiam
760 851 967 900 mutaturum:
986 843 1058 914 quin
1075 859 1174 915 usque
1191 842 1288 898 hodie
1343 829 1345 964 ⁴

227 949 301 1012 opto
321 957 338 994 a
357 937 480 1012 publico
504 937 640 1006 moveri,
669 937 778 994 relicto
801 939 929 994 docendi
951 938 1094 1007 negotio,
1121 949 1185 992 tam
1206 938 1287 1010 apud
1344 1009 1345 1020 ἵ

226 1131 315 1198 vivo,
344 1119 410 1202 quae
435 1130 552 1202 doceo,
577 1127 708 1200 ideoque
734 1129 822 1183 taedet
846 1143 896 1182 me
922 1127 1012 1184 officii
1030 1127 1139 1199 hujus:
1166 1135 1286 1182 tantum

226 1227 332 1296 abest,
356 1233 391 1282 ut
409 1224 536 1294 gloriam
561 1239 710 1294 quaeram,
735 1232 769 1277 ut
789 1221 875 1276 multi
901 1221 976 1278 mihi
997 1219 1284 1294 imponunt.·Unde

223 1329 336 1377 testem
360 1319 456 1375 audeo
480 1319 622 1390 invocare
648 1316 830 1372 inanimam
850 1333 949 1372 meam
977 1313 1150 1380 Dominum
1172 1315 1285 1384 «Iesum

226 1415 384 1471 Christum
405 1414 540 1486 judicem
565 1411 719 1480 futurum,
752 1429 800 1466 ms
828 1427 886 1480 nec
908 1427 999 1468 nosse
1026 1427 1085 1466 nac
1112 1427 1206 1484 posse
1227 1411 1281 1466 aiis

224 1512 353 1572 docere.
374 1525 465 1581 quam
487 1523 553 1580 quaa
567 1507 667 1564 docui.
703 1505 772 1564 Nec
789 1505 864 1562 mihi
879 1521 947 1561 sum
966 1505 1128 1574 conscius,
1147 1521 1281 1576 unquam

110 1603 114 1616 '
223 1605 333 1676 aliquid
356 1603 516 1672 docuisse,
540 1602 622 1675 quod
646 1617 706 1656 uon
729 1600 887 1656 Christum
906 1610 937 1655 et
956 1599 1015 1656 Dei
1031 1611 1186 1673 prsecepta
1205 1601 1281 1656 rete.

84 1719 92 1742 x
201 1762 203 1768 Ι
222 1709 286 1756 rat:
305 1715 362 1753 nac
377 1697 457 1752 uitus
473 1697 572 1752 adhuc
591 1695 676 1750 aliter
690 1695 835 1750 convicit.

294 1792 378 1868 Quid
391 1790 482 1862 igitur
499 1791 627 1848 faciam?
653 1789 772 1844 lucrum
791 1806 852 1844 noo
870 1789 1030 1861 quaeritur,
1046 1806 1103 1844 uec
1123 1789 1150 1845 si
1167 1807 1279 1862 quare.

223 1904 310 1956 rem,
350 1899 474 1958 possem
500 1883 660 1953 invenire,
694 1884 724 1939 io
747 1893 832 1939 tanto
861 1884 1033 1939 multorum
1058 1885 1152 1948 odio,
1184 1887 1276 1941 multo

223 1982 323 2038 miuus
360 1979 484 2049 gioria,
525 1978 555 2032 in
592 1987 672 2034 tanta
705 1977 764 2034 mei
800 1976 931 2035 infamia.
977 1977 1088 2034 Essem
1119 1997 1179 2048 ego
1210 1996 1277 2035 sane

125 2131 126 2136 ,
224 2075 378 2142 omnium,
405 2071 457 2144 qui
473 2089 617 2144 unquam
642 2073 785 2136 fuerunt,
813 2057 1038 2140 insanissimus,
1069 2073 1120 2144 qui
1147 2073 1205 2130 has
1231 2090 1276 2128 res

222 2177 369 2234 sectarer,
386 2165 428 2224 cb
444 2181 519 2238 quas
539 2165 645 2222 damna
663 2182 720 2238 pro
740 2167 850 2236 lucris,
869 2166 1083 2228 contusionem
1100 2184 1159 2242 pro
1174 2169 1275 2238 gioria,

223 2275 404 2329 censuram,
442 2261 504 2315 vim
532 2270 562 2315 et
592 2273 725 2318 mortem
756 2279 813 2342 pro
836 2264 936 2318 tutela
963 2271 993 2317 et
1019 2263 1081 2319 vita
1107 2263 1274 2331 aaaidurb)

126 2347 132 2358 '
221 2353 340 2426 patior:
368 2353 453 2425 siqua
478 2367 633 2420 errarem,
660 2365 730 2428 post
757 2357 823 2414 haec
844 2358 922 2412 mala
940 2367 1054 2414 aterno
1076 2375 1203 2432 quoque
1220 2361 1273 2416 sim

220 2449 280 2518 igni
301 2447 484 2519 perdendus.
519 2437 585 2504 Etsi
605 2450 672 2507 talis
693 2451 840 2523 quispiam
860 2451 941 2507 forte
961 2456 1052 2525 quent
1072 2453 1200 2510 inveniri
1221 2454 1273 2508 ob.

219 2521 372 2612 minantis,
398 2557 455 2614 ego
475 2550 574 2598 tamen
594 2559 685 2616 spero
704 2560 753 2600 me
773 2547 860 2602 aliter
879 2543 1022 2602 affectum
1041 2561 1127 2612 esse,
1148 2546 1272 2603 setheo

218 2638 361 2705 nominc,
391 2639 473 2710 quod
509 2637 619 2696 invitos
650 2640 769 2710 doceo,
800 2651 831 2696 et
856 2641 1025 2697 ministerio
1048 2642 1135 2698 verbi
1158 2642 1269 2698 servin

219 2730 283 2808 Qui
302 2733 382 2787 enim
401 2730 528 2801 gloriam
547 2732 690 2790 obstinati
709 2717 868 2806 quaerunt,
885 2753 947 2791 non
965 2736 1050 2792 inviti
1070 2738 1193 2794 docent.

287 2826 377 2896 Htcc,
395 2829 562 2896 regerende
580 2829 610 2884 in
629 2829 753 2886 Christo
771 2829 934 2899 Pater,'ea
953 2830 1060 2894 fiducia
1077 2833 1115 2887 cd
1133 2849 1271 2889 reveren.

147 2988 160 3003 .
215 2921 284 2976 dam
301 2921 624 2979 'Paternitatem'tuam
645 2923 767 2980 acribo:
794 2925 948 2998 primum,
974 2926 1177 2997 quod'muita
1198 2927 1268 2982 mihi
1341 2909 1342 2953 i

216 3011 397 3086 praesumam
425 3020 462 3073 de
490 3018 618 3086 ingenita
645 3019 780 3090 mihique
806 3031 966 3093 perspecta
990 3019 1177 3090 bsoignitete
1202 3033 1269 3090 tua,

216 3123 308 3182 quam
331 3113 456 3180 omnino
479 3111 599 3168 confido
626 3113 692 3170 hacc
723 3131 789 3170 mea
812 3116 923 3187 scripta
950 3115 1079 3184 benigne
1101 3119 1269 3186 agnoscito.

212 3221 302 3262 ram:
329 3204 482 3277 deinde0)
509 3207 590 3278 quod
624 3209 698 3264 mihi
731 3225 801 3266 reus
833 3209 981 3276 videbar,
1015 3211 1039 3266 ai
1072 3213 1268 3268 reverendam

211 3297 429 3356 Paternitatem
453 3311 536 3356 tuom
559 3303 715 3360 interimo
741 3306 854 3372 linguas
876 3305 1010 3375 iniquus,
1036 3308 1065 3361 in
1085 3323 1135 3362 mc
1153 3305 1268 3360 machi.

213 3383 450 3463 nantes'maia‚
482 3397 577 3450 sotum
611 3398 814 3470 relinquerem
824 3441 843 3472 ,‚
858 3401 918 3455 imo
945 3401 1063 3456 veritati
1090 3402 1266 3471 evangelica

212 3499 341 3559 propter
359 3503 408 3542 me
427 3491 529 3545 forsan
548 3492 625 3545 maie
644 3493 774 3550 audienti
794 3496 966 3552 defuissem.
1001 3485 1143 3552 Necdum
1160 3497 1266 3564 audivi,

174 3625 182 3648 ,
213 3581 265 3649 qui
284 3596 349 3635 mea
364 3583 506 3651 legissent
526 3599 554 3640 et
573 3588 780 3656 damnassent,
799 3589 855 3645 nisi
877 3604 988 3660 pancos
1004 3591 1172 3661 quosdam,
1193 3605 1264 3664 quos

212 3673 324 3729 invidia
341 3667 480 3745 moveri,
498 3695 538 3735 ex
556 3697 593 3736 eo
609 3683 719 3758 conjici
739 3693 859 3753 potest,
885 3685 967 3755 quod
986 3682 1147 3757 hucusque
1160 3688 1200 3742 io
1218 3691 1279 3739 me'

116 3759 119 3766 ‘
210 3767 436 3840 totiesreperti
457 3785 526 3829 aunt
544 3775 698 3832 mendacia
718 3779 771 3833 sua
792 3778 962 3848 cogitasse,
988 3781 1079 3836 etiam
1103 3780 1162 3837 sub
1191 3780 1264 3838 sacri

263 3986 295 4038 b)
323 3983 383 4031 Vit.
403 3987 509 4034 assiduo.

260 4067 289 4114 c)
317 4063 555 4122 notificansque.
622 4136 627 4146 ι

125 1077 128 1092 ,
225 1037 349 1104 Deum,
383 1049 475 1106 quam
503 1033 644 1090 homiues
673 1031 944 1105 periculosissimo.
995 1032 1083 1101 Scio,
1116 1033 1198 1104 quod
1223 1050 1286 1088 non
1344 1031 1345 1040 ’
