2760 4556
197 303 307 398 ¹(rso
480 265 487 274 ¹
645 285 815 362 mts‘ts.

244 468 275 518 et
293 459 430 518 tractum,
441 454 655 526 corpusculum
672 455 690 510 ι’
707 455 789 526 quod
808 455 834 510 si
854 452 1054 523 abstulerint,
1080 453 1161 510 torte
1179 449 1296 508 duabus

242 555 292 612 vel
310 571 367 610 unu
386 537 503 610 vivendi
521 549 599 608 ltora
616 565 665 604 me
683 550 894 620 pauperiorem
913 548 1063 613 facient.
1070 549 1202 604 unimam
1218 563 1295 603 vero

240 666 303 720 non
329 647 474 702 auferent.
519 641 615 698 Canto
642 659 712 698 cnm
738 642 879 732 Jobanne
903 643 1068 700 Reuchliu:
1097 645 1147 715 qui
1180 657 1296 714 pauper

241 753 302 811 est,
331 740 404 822 nihil
428 739 533 807 timet,
558 737 632 794 nihil
657 739 785 810 perdere
811 745 935 811 potest,
963 737 1016 794 sod
1038 753 1090 808 spe
1108 737 1189 794 bona
1206 737 1295 792 laetus
1358 747 1359 752 ’

239 838 339 895 tedet:
354 849 427 916 nam
446 842 547 904 sperat
565 833 736 904 acquirere.
848 835 851 849 '

306 929 375 986 Scio
395 927 523 983 verbum
542 926 655 984 Christi
676 927 713 983 ab
731 926 816 982 initio
835 925 938 982 mundi
958 924 1022 996 ejus
1041 940 1108 980 esse
1127 918 1227 993 genii.
1258 933 1295 980 ut

205 1063 209 1074 .
237 1024 288 1097 qui
306 1023 336 1079 id
354 1023 383 1078 ιιι
401 1022 513 1076 ιιιιιιιιιο
531 1022 663 1076 voluerit
681 1031 821 1092 portare,
842 1033 965 1076 neccsse
983 1020 1023 1076 sit
1041 1035 1113 1074 cum
1131 1019 1293 1091 Apostolis

192 1127 198 1138 “
236 1133 306 1174 eum
325 1117 438 1193 relictis
454 1116 696 1187 renunciatisqne
712 1115 864 1184 clunibus,
880 1099 961 1170 omni
979 1115 1069 1182 hora,
1084 1124 1216 1169 mortem
1236 1128 1294 1166 ex.
1315 1133 1322 1144 ·

233 1222 368 1286 pectare.
403 1210 496 1286 Quod
517 1211 573 1264 nisi
590 1221 689 1278 esset,
707 1225 768 1266 uon
784 1210 912 1266 verbum
933 1208 1045 1268 Christi
1067 1218 1167 1266 essett
1186 1217 1292 1262 morte

234 1317 349 1374 erutum
369 1315 437 1374 est,
455 1305 605 1360 mortibus
624 1287 798 1374 vulgatum,
819 1285 970 1359 mortibus
989 1312 1162 1369 servotum,
1180 1301 1292 1354 morti.
1358 1293 1359 1304 ¹

232 1401 291 1458 bus
309 1416 431 1474 quoque
450 1375 630 1455 servandum
649 1408 699 1452 aut
717 1397 911 1452 referendum
930 1413 961 1452 es
963 1405 986 1452 t.
1031 1396 1080 1452 Sic
1098 1397 1178 1451 enim
1196 1411 1292 1466 spon.

200 1519 204 1528 ·
231 1511 284 1551 sus
302 1497 418 1552 noster
449 1508 577 1566 sponsus
608 1492 787 1566 sanguinum
817 1489 905 1550 nobis
932 1502 988 1548 est.
1018 1487 1081 1547 Tu
1108 1507 1182 1566 crgo
1211 1505 1289 1556 ora,

229 1599 264 1644 ut
288 1589 441 1663 Dominus
464 1587 557 1644 Jesus
581 1587 720 1660 spiritum
745 1586 827 1641 hunc
852 1585 898 1642 sui
905 1577 1086 1642 fidelissimi
1114 1582 1289 1656 peccatoris

231 1691 338 1754 augeat
361 1693 391 1738 et
409 1692 522 1739 servet.

253 1775 394 1833 Habui
419 1792 516 1848 nuper
539 1791 714 1852 sermonem
741 1775 795 1830 ad
803 1773 926 1844 vulgum
953 1774 990 1828 de
1016 1773 1128 1828 virtute
1156 1787 1289 1830 excom.
1358 1803 1359 1838 ι

162 1921 164 1934 ,
228 1872 460 1940 mirationis,
487 1870 537 1925 ubi
556 1871 656 1926 taxavi
678 1869 778 1925 obiter
796 1869 983 1940 tyrannidem
1001 1878 1031 1922 et
1050 1867 1198 1922 inscitiam
1216 1881 1287 1920 sor.

227 1965 373 2022 didissimi
388 1965 473 2021 istius
486 1965 568 2034 vulgi
582 1964 763 2034 officialium,
781 1963 1070 2040 commissariorum,
1086 1961 1285 2016 vicariorum.
1358 1995 1359 2034 t

224 2057 380 2116 Mirantur
403 2075 524 2130 omnes,
543 2076 695 2132 nunquam
712 2075 779 2116 sese
798 2057 867 2113 talia
887 2057 1013 2112 nudisse.
1048 2051 1191 2124 Deinde,
1210 2053 1285 2126 quid
1358 2115 1359 2124 χ

224 2153 319 2212 futuri
335 2155 406 2210 mali
422 2155 494 2210 mihi
511 2155 682 2221 incumbat,
703 2167 809 2208 omnes
823 2161 1034 2224 expectamus,
1053 2135 1166 2220 novum
1182 2150 1285 2218 ignem

224 2249 386 2302 succendi:
406 2249 458 2302 sed
481 2249 522 2302 ita
541 2249 612 2303 facit
632 2247 760 2304 verbum
779 2246 915 2302 veritatis
934 2247 1051 2316 signum
1062 2284 1072 2312 ,
1092 2245 1140 2300 cui
1160 2223 1285 2300 contro.

222 2339 352 2396 dicitur:
373 2341 531 2394 volueram
546 2341 650 2394 eadem
663 2339 826 2411 publicitus
838 2340 1001 2412 disputare,
1019 2339 1072 2394 sed
1088 2355 1162 2393 ecce
1174 2351 1285 2392 rumor
1358 2369 1359 2408 p

223 2432 368 2502 praevenit
378 2471 387 2498 ,
407 2443 438 2486 et
451 2432 596 2503 plurimos
612 2443 763 2502 magnates
780 2437 855 2491 adeo
869 2435 1039 2506 permovit,
1061 2445 1095 2490 ut
1108 2421 1280 2504 Episcopus
1358 2415 1359 2488 J

220 2525 623 2596 meusBrandeubnrgensis
642 2529 735 2586 misso
761 2529 868 2586 nuntio
894 2542 1003 2600 magno
1028 2529 1212 2599 postularet,
1244 2512 1279 2578 'nt
1358 2535 1359 2538 ’

219 2605 379 2674 ιιιιιιιιοιιι
401 2635 467 2676 eam
493 2621 742 2692 disputationem,
770 2625 852 2696 quod
878 2633 908 2679 et
937 2625 996 2675 leci
1021 2629 1051 2674 et
1076 2618 1172 2687 facio,
1199 2633 1278 2689 prae.
1358 2611 1359 2674 ἶ

217 2713 323 2768 sertim
342 2713 445 2770 amicIs
464 2731 586 2787 quoque
605 2715 849 2773 consulentibus:
878 2715 965 2788 vide,
991 2729 1082 2786 quem
1105 2714 1163 2770 sim
1186 2727 1276 2772 mon·

217 2798 336 2862 strosus
355 2805 469 2878 homo,
489 2809 575 2881 cujus
595 2820 720 2867 conatus
739 2811 829 2867 etism
849 2819 919 2866 sunt
937 2808 1155 2876 intolerabiles.

236 2909 240 2921 “
286 2899 439 2956 Dominus
462 2901 799 2962 Doctorlsenacensis
817 2905 900 2960 misit
919 2905 1022 2960 adme
1049 2904 1171 2972 literas,
1204 2904 1271 2960 zelo

214 3009 324 3064 magno
349 2997 416 3058 (sic
444 2997 522 3050 enim
548 2997 712 3079 honestare
736 3010 858 3072 oportet
880 2999 1013 3056 hominis
1032 2999 1273 3070 passionissimas
1358 3019 1359 3024 ¹

212 3090 407 3162 passiones).
424 3091 627 3164 plenissimas,
652 3093 741 3164 longe
760 3093 912 3162 acriores,
938 3109 1027 3166 quarn
1048 3109 1097 3147 eas
1108 3133 1118 3160 ,
1138 3095 1270 3162 quasin
1358 3149 1359 3164 ,

213 3185 344 3256 capitulo
361 3202 465 3241 corum
475 3185 638 3243 'audiebam
659 3191 763 3244 eadem
777 3189 851 3245 ιιιιιιι
867 3204 971 3244 corum
985 3189 1101 3262 positus
1116 3185 1269 3246 Erfurdiae
1358 3189 1359 3194 ’

210 3276 404 3350 loquebatur.
428 3279 529 3352 Usque
546 3281 741 3372 adlinsaniam
756 3286 930 3340 cruciantur
947 3285 995 3339 isti
1009 3282 1165 3351 homines,
1185 3285 1269 3354 quot

211 3373 295 3427 stulti
313 3375 342 3428 in
363 3373 489 3430 Christo
506 3375 570 3429 fieri
591 3376 739 3440 debeant,
765 3389 795 3433 et
811 3379 944 3448 magistri
959 3379 1056 3433 nostri
1075 3377 1179 3432 eximii
1198 3389 1267 3433 tuto
1358 3383 1359 3456 ᾗ

119 3491 124 3499 ·
185 3461 308 3526 'orbe,
339 3479 424 3525 tento
457 3479 594 3544 ternpore
627 3487 744 3527 errasse
766 3474 907 3542 judicari.
959 3471 1038 3544 Ειοι
1057 3471 1130 3525 nibil
1156 3485 1267 3524 moror

209 3557 316 3612 motos
348 3568 379 3613 et
408 3565 533 3614 momos
558 3578 686 3618 cornea:
723 3566 862 3619 cbristus
884 3566 977 3645 modo
1009 3564 1048 3619 sit
1074 3563 1148 3618 mibi
1175 3563 1265 3622 Deus
1358 3541 1359 3576 ³

98 3697 108 3715 ,
170 3631 178 3651 “
209 3652 381 3722 propitius,
397 3655 446 3709 cui
465 3667 586 3724 paratus
604 3671 674 3711 sum
693 3659 801 3712 cedere
820 3655 905 3713 verbi
926 3657 1067 3714 officium.
1105 3657 1174 3712 llaec
1193 3675 1264 3713 ver.

207 3743 335 3814 bosius,
364 3747 432 3816 quia
459 3747 548 3804 libuit
570 3760 673 3804 tecum
701 3750 839 3808 fabulari.
887 3751 967 3809 Vale.
1012 3751 1261 3850 Wittetnbcrgtc,
1358 3763 1359 3768 ’

207 3838 256 3894 dic
275 3841 308 3894 12
325 3835 494 3896 Fratrum*
501 3843 534 3911 ),
553 3861 630 3899 nuno
649 3831 838 3904 Mnxvltt.

865 3917 898 3975 F.
918 3917 1073 3974 Martisus
1091 3915 1260 3974 Ltttherns.

203 3997 270 4014 -n

255 4043 284 4092 'l
310 4042 437 4093 Quttttltt
454 4005 725 4104 narrantum..
720 4048 774 4099 ultr
789 4050 861 4100 divit.
877 4053 1061 4111 Apostolorum.
1119 4028 1124 4038 ¹
