2756 4558
142 1867 145 1874 ¹
241 1895 244 1902 ’
302 1881 461 1948 Obsecro,
485 1897 522 1935 aa
536 1898 597 1937 non
615 1881 681 1952 baec
699 1895 763 1936 vox
774 1889 813 1934 ,οι
831 1879 977 1934 sententia
998 1880 1047 1934 vel
1068 1879 1293 1938 sanctissimum

143 2843 146 2856 ·
235 2819 309 2875 illud
331 2817 435 2880 trade.
462 2835 523 2890 quo
545 2817 770 2889 pascentur-¹):
790 2828 954 2892 pascuntur
976 2829 1077 2878 autem
1096 2822 1165 2878 solo
1189 2823 1287 2880 verbo

156 2916 162 2929 '
235 2911 320 3002 Dei,
347 2929 408 2967 non
433 2912 624 2984 opinionibus
655 2921 706 2968 not
731 2914 942 2970 traditionibus
970 2915 1139 2970 hominum.
1185 2915 1285 2972 Porro

71 3501 73 3507 ·
143 3537 175 3562 Ι,
234 3462 303 3532 snm
321 3485 405 3532 totus
424 3478 604 3532 inamorem
623 3478 665 3560 tui
683 3477 854 3550 raptusm)
892 3477 1006 3534 Nescio
1023 3494 1123 3547 enim
1142 3482 1195 3550 qui
1214 3481 1286 3550 liat,

153 293 156 302 '
242 314 301 382 att
347 385 350 398 ,
402 362 405 370 .
460 261 464 267 ’
675 313 820 383 ·.1519

147 501 149 510 ·
228 481 324 529 'tuam
344 477 604 538 conversaretur,
633 469 774 528 incidisse
794 471 953 544 aliquando
972 485 1146 529 sermonem
1172 472 1247 531 ie·
1239 473 1292 536 ris.

240 569 291 640 qui
311 567 346 622 ad
368 565 511 638 populum
526 563 716 632 declamant,
732 575 812 628 tum,
835 581 924 635 qnae
921 575 967 620 est
987 567 1029 634 tui
1043 558 1201 637 judiciii)
1220 569 1294 622 mira

226 641 420 726 acrimonia,
447 668 478 713 te
503 658 633 727 dixisse,
660 645 824 714 omaciones
843 658 925 726 illas,
953 673 1018 730 quaa
1037 661 1160 728 argutiis
1180 671 1212 715 et
1234 671 1295 716 tra.

238 753 400 811 ditionibus
423 751 597 806 hominum·
610 761 768 820 constant,
794 753 870 808 mire
893 753 1026 828 frigere,
1049 767 1093 809 ac
1112 755 1148 809 ad
1171 771 1295 826 persua.

214 847 397 904 ·dendum
389 863 418 902 ιιι
444 841 541 900 rebus
561 845 675 921 nostris
703 844 837 901 elumbes
860 857 891 900 et
910 846 1040 902 eviratas
1060 862 1144 915 esse,
1173 849 1294 920 quando

185 929 204 944 ‘
230 942 310 997 'nihil
327 948 429 1012 potest
446 948 508 994 tam
530 949 649 995 acutum
669 937 796 1010 adduci,
825 941 905 1012 quod
929 950 990 995 non
1010 955 1115 998 rursus
1135 943 1191 996 alia
1206 957 1295 1011 argu.

235 1036 276 1092 tia
304 1035 401 1106 possit
429 1019 581 1091 convelli:
608 1033 792 1104 scripturam
821 1051 896 1090 vero
921 1043 1056 1090 sanctam
1083 1051 1173 1090 unam
1205 1051 1293 1108 esse,

236 1146 302 1202 quae
319 1138 400 1186 tanta
419 1129 575 1200 majestate
600 1139 631 1183 et
653 1129 773 1197 energia
793 1128 883 1182 etiam
906 1128 984 1183 citra
1009 1137 1145 1184 nostram
1167 1146 1294 1200 operans

225 1232 338 1306 ¹sonet,
365 1232 399 1279 ut
424 1225 518 1294 captis
545 1222 782 1293 consumtisque
793 1237 878 1278 mox
895 1222 1055 1278 omnibus·
1050 1223 1210 1278 machinis
1232 1224 1294 1280 dis.

237 1318 436 1389 ceptationis‚
459 1324 564 1386 urgeat
591 1325 622 1370 et
646 1325 736 1386 cogat
756 1315 875 1373 dicere:
904 1319 1073 1391 quuum
1102 1317 1148 1372 sic
1178 1315 1294 1372 locntm

188 1417 192 1426 '
238 1411 407 1480 esthemo,
426 1411 604 1484 nicdtptees
621 1409 682 1466 Dei
698 1417 758 1470 est,
785 1427 847 1464 non
871 1415 951 1466 enno
971 1411 1055 1466 docet
1073 1426 1110 1465 nc
1133 1408 1242 1466 scribae
1265 1417 1295 1465 et

236 1496 413 1588 Pharisaei,
432 1505 488 1562 red
504 1506 582 1561 sicut
595 1491 774 1574 potesto'tem
789 1501 982 1568 holstenio
1008 1519 1097 1576 quarn
1111 1504 1295 1566 sententiam

235 1615 305 1655 curn
330 1601 380 1656 ille
407 1617 469 1654 noo
494 1599 645 1656 illibenter
676 1597 802 1670 pedibus
834 1599 938 1654 ivisset
969 1605 1000 1654 et
1030 1599 1291 1668 commendasset,

209 1725 211 1734 v
233 1704 299 1752 tum
320 1703 351 1750 ts
368 1701 511 1766 porrecta
536 1709 626 1748 manu
646 1707 767 1747 monum
789 1693 877 1747 illius
890 1693 1080 1763 postulasse,
1108 1701 1140 1748 et
1163 1693 1291 1750 dixisse:

234 1787 382 1862 stipulare
401 1789 497 1856 mihi,
516 1803 638 1860 quaeso,
657 1788 697 1843 ita
718 1795 864 1858 perpetuo
885 1797 915 1840 te
934 1803 1103 1842 sensurum.

180 1995 182 2002 ¹
236 1983 433 2032 etsummnm
452 1972 789 2044 Pontificem—deceret,
808 1989 906 2045 eoque
925 1975 1034 2043 magis,
1054 1991 1115 2046 quo
1135 1993 1200 2030 non
1216 1993 1292 2033 voce

171 2100 175 2114 ι
233 2079 371 2140 ιιιιιιιιιι,
389 2071 442 2126 sed
465 2069 574 2126 affectu
594 2085 717 2142 quoque
735 2069 836 2124 cordis
856 2069 973 2140 prolate
988 2069 1155 2140 perspicuo
1176 2087 1292 2140 cogno.

235 2165 354 2221 scitur?
376 2164 485 2241 Quid?
502 2182 538 2220 an
558 2166 695 2221 nondum
716 2163 870 2232 videmus,
898 2163 949 2236 qui
966 2164 1025 2218 sint
1047 2164 1110 2218 veri
1132 2163 1290 2234 theologi?

215 2255 352 2313 ,Pudeat
376 2259 496 2322 tandem
524 2257 687 2326 theologos
712 2267 742 2312 ct
760 2258 901 2328 Juristas,
928 2271 982 2312 eos
1004 2257 1152 2318 inanime.
1183 2259 1290 2328 quibus

234 2365 328 2406 sacras
349 2350 442 2404 literae
465 2367 548 2420 paene
574 2351 735 2406 ridiculum
757 2363 845 2418 sunt,
872 2358 902 2404 et
921 2350 972 2422 qui
993 2351 1211 2408 consarcinatis
1229 2353 1290 2408 ioli.

235 2442 306 2499 nitis
327 2444 452 2512 glossis,
491 2443 666 2524 pestilenter
685 2446 829 2516 palpent'
821 2445 875 2510 ris,
901 2444 953 2515 qui
972 2445 1116 2516 quidquid
1137 2447 1289 2514 dixerint,

235 2536 365 2592 verbum
388 2535 449 2592 Dei
477 2536 572 2592 videri
600 2537 713 2592 velint
722 2538 824 2607 (sicut
841 2546 872 2592 et
893 2537 978 2598 divus
998 2537 1200 2610 Hieronymus
1215 2558 1292 2596 con.

237 2627 400 2702 queritur),
421 2631 505 2701 quasi
528 2631 669 2692 Christus
688 2631 722 2684 ad
740 2629 866 2686 Petrum
885 2631 1014 2688 dixerit.
1031 2630 1125 2702 Jube,
1144 2644 1195 2688 sut
1214 2651 1290 2706 pror.

236 2723 321 2796 cipe.
349 2724 516 2792 condoce,
544 2723 794 2796 acuonpotins,
817 2724 910 2780 Posce
926 2743 995 2781 ones
1009 2742 1114 2795 nuos,
1140 2727 1205 2784 hoc
1227 2739 1284 2798 est,

236 3022 327 3078 quam
348 3023 421 3062 vere
444 3007 576 3078 dixeris,
601 3008 673 3062 nihil
702 3024 792 3078 posse
811 3017 872 3064 tam
899 3017 1003 3078 argute
1026 3009 1179 3080 proponi,
1206 3011 1288 3082 quod

164 3125 170 3135 ⁵
214 3087 297 3156 Ιιιοιι
320 3115 425 3156 rursus
448 3101 546 3170 possit
570 3103 705 3170 retundi,
734 3101 877 3158 miserum
898 3103 968 3158 illud
990 3101 1148 3174 pistrinum
1168 3103 1287 3162 abunde

236 3197 378 3258 docet,'
370 3212 400 3249 an
419 3211 480 3266 quo
499 3195 650 3280 Scotistae,
668 3195 856 3264 Themisto,
879 3197 1070 3258 Athenione,
1093 3197 1241 3256 Moderni
1258 3209 1288 3255 et

235 3289 367 3359 singuli
359 3305 388 3343 ιιι
404 3305 473 3343 suas
489 3305 610 3361 quoque
631 3300 729 3347 sectas
747 3292 833 3346 dirisi
848 3303 964 3365 tempus
985 3291 1124 3362 perdunt.

302 3381 366 3437 Huc
385 3382 484 3436 fateor
502 3382 630 3438 historia
642 3385 881 3454 jucundissima,
901 3370 1101 3439 illustrissime
1120 3383 1285 3461 Princeps,

234 3581 269 3624 ut
287 3587 485 3644 quoscunque
505 3555 659 3628 sacrarum
679 3573 834 3626 literarum
854 3583 985 3628 amantes
1005 3573 1111 3642 audio,
1130 3589 1194 3630 non
1215 3591 1286 3644 pos.

235 3665 293 3722 sim
313 3681 374 3721 non
390 3666 530 3736 diligere,
548 3681 668 3720 rursum
689 3679 885 3737 perversores
904 3673 935 3722 et
955 3669 1167 3728 contemtores
1181 3683 1284 3724 ειιιιιιι

187 3869 194 3884 ¹
290 3901 322 3949 lt)
350 3899 372 3944 A
395 3893 481 3951 indicii
500 3897 549 3946 tui.

289 3979 317 4030 l)
351 3978 379 4026 A.
397 3985 538 4033 pascuntur.

288 4062 326 4110 na)
350 4057 379 4106 A
399 4063 492 4111 captos.
