2716 4556
236 303 405 368 sso-
526 303 529 314 ·
721 295 813 367 1519.
895 251 927 334 ss

234 458 334 515 Habet
354 456 500 514 lectiones
518 472 575 530 pro
593 456 768 526 theologia,
794 463 858 510 tum
876 447 972 510 libros
989 467 1053 508 non
1070 451 1223 524 ineptos:
1251 452 1304 508 nisi

193 545 195 553 ’
237 555 318 626 quod
345 553 433 608 doleo
460 567 509 606 me
536 565 597 608 oon
627 566 716 623 posse
743 549 791 606 vel
810 563 915 604 ornnes
939 547 1048 602 lrstres
1067 548 1105 602 sd
1125 547 1304 604 lectionem

235 649 439 718 theologicam
457 645 588 719 Philippi
609 647 637 702 in
660 645 839 702 Mutthaeum
858 641 936 698 hora
953 649 1039 698 sexta
1057 643 1220 705 matutine
1237 641 1303 698 mit

235 751 313 802 tere.
346 743 471 811 Superat
489 743 545 800 istc
564 740 721 798 Graeculus
739 755 788 804 me
807 753 928 810 quoque
947 738 977 792 in
995 737 1057 808 ipsa
1076 735 1260 806 theologis.

304 835 483 894 Psslterium
505 835 677 894 nesciebam
693 846 723 890 te
740 833 902 906 gemellum
920 833 1079 902 accipere,
1099 831 1247 886 silerum
1264 845 1300 886 ex

233 917 304 998 ane,
323 931 450 987 alterum
467 913 507 986 'ex
520 929 672 1006 Phiiippo.
694 929 825 989 Ceteros
841 941 934 996 nugas
949 925 1121 980 arbitrabor
1137 925 1216 980 sine
1233 940 1299 980 meo

233 1025 335 1082 studio
354 1025 389 1080 sd
408 1037 437 1079 te
453 1025 624 1096 pervenire.
652 1025 828 1080 Sermonem
847 1022 884 1076 de
904 1035 994 1077 usura
1010 1019 1067 1103 sub
1079 1006 1237 1084 incudem
1256 1036 1298 1074 re.

232 1119 360 1188 vocavi,
379 1119 531 1187 lecturus,
558 1131 591 1174 ut
607 1119 704 1175 multo
726 1119 827 1191 plures
847 1115 978 1174 offendat
999 1114 1116 1170 Christi
1139 1129 1228 1184 pure
1249 1114 1299 1167 do.

233 1215 348 1283 cirino:
376 1211 430 1268 alis
449 1214 548 1271 omnia
568 1215 669 1269 mitto.
705 1212 936 1284 Disputationes
953 1211 1118 1282 impressas
1138 1223 1241 1277 carra,
1265 1215 1296 1263 nt

234 1307 416 1380 quantocius
433 1307 606 1364 habeamus.

300 1401 414 1458 Eccius
444 1403 575 1458 minatur
602 1409 633 1458 et
663 1401 738 1460 mihi
771 1409 802 1458 et
826 1399 969 1473 Philippo
990 1407 1021 1454 et
1041 1395 1244 1465 Gsrlstudio,
1266 1403 1293 1451 et

232 1495 290 1552 toli
311 1496 504 1552 Universitati
526 1493 654 1566 nostrss',
680 1497 808 1568 denique
829 1495 884 1569 ipsi
904 1493 1059 1564 Principi,
1085 1491 1292 1562 nescioquas

228 1587 321 1646 'diros
370 1590 499 1664 Exspuit
525 1593 604 1646 enirn
633 1591 732 1648 sslivae
759 1591 912 1664 quoddam
934 1589 1030 1644 chaos
1056 1587 1229 1642 vernacule
1259 1585 1290 1640 ad

135 1741 138 1752 ,
230 1682 404 1756 Principem
417 1686 469 1752 ⁴),
484 1685 586 1758 Deum
602 1685 999 1758 crederesomnipotentein
1017 1681 1116 1753 loqui:
1136 1683 1199 1738 sed
1212 1689 1289 1737 recta

232 1778 262 1834 in
281 1781 369 1834 talem
388 1779 562 1852 Principem
580 1781 648 1838 tsiis
666 1781 791 1847 incurrit
810 1780 958 1852 sophista.

301 1873 408 1929 Placet
422 1883 493 1930 tuos
507 1875 720 1932 Erfurdieoses
730 1876 877 1947 judicium
891 1876 1086 1930 detrectasse.
1121 1869 1205 1926 Jam
1217 1871 1288 1926 eain

232 1977 263 2023 et
285 1967 397 2022 frustra
413 1969 597 2040 disputatum
617 1983 677 2026 est:
698 1979 728 2024 et
740 1970 893 2040 judicetur
912 1983 987 2024 vane
1007 1985 1023 2023 s
1042 1965 1285 2031 Parisiensibus,

229 2061 295 2118 hoc
314 2071 377 2130 est,
396 2079 519 2133 campus
536 2064 670 2136 operitur
686 2063 715 2120 io
733 2064 904 2120 Romanum
920 2060 1143 2117 Antiohristum
1161 2061 1287 2130 loquen-

230 2157 281 2223 di,
299 2155 370 2212 Deo
389 2158 532 2228 propitio.
554 2158 778 2215 circumfertur
796 2159 872 2232 spud
889 2172 946 2214 nos
963 2164 1108 2211 tractetur
1127 2155 1283 2224 cujusdem

230 2249 284 2314 (ut
302 2251 426 2322 putent)
453 2251 579 2332 boemi,
602 2253 714 2324 oppido
732 2269 819 2324 quam
839 2251 1021 2308 eruditores
1040 2247 1282 2318 theologiensis

230 2353 357 2413 utraque
375 2344 473 2413 lingue
492 2345 637 2403 adversus
655 2348 842 2416 tyrannidem
858 2347 1003 2403 Romanae
1020 2343 1122 2400 cuna.

298 2435 370 2491 Nun
380 2441 451 2494 sotis
462 2439 594 2494 intellexi
609 2441 678 2511 quid
698 2441 810 2515 velles,
830 2455 901 2498 cum
912 2439 1064 2496 scriberes
1079 2437 1206 2501 Graece,
1226 2455 1282 2493 noo

230 2531 295 2588 siue
309 2541 362 2586 tuo
378 2547 485 2600 magno
503 2533 604 2588 studio
618 2535 759 2591 remissas
776 2535 993 2608 disputationes
1006 2533 1086 2589 Duoi
1097 2533 1244 2602 Georgia,
1255 2541 1283 2586 et

231 2643 289 2700 qus
302 2642 391 2682 causo
410 2626 452 2682 tui
475 2625 611 2700 theologi
630 2639 661 2682 ct
672 2628 875 2698 jureconsulti
889 2639 990 2686 essent
1008 2629 1084 2686 adeo
1098 2619 1279 2686 indam.

297 2719 427 2778 Emsero
452 2738 512 2778 uon
528 2722 721 2794 respondebo
739 2725 881 2794 peculisri
896 2723 999 2793 libro,
1027 2724 1110 2795 quod
1126 2721 1223 2779 homo
1240 2723 1284 2777 iu.

118 2851 128 2858 -
230 2814 413 2872 sulsiesirnos
435 2833 497 2872 non
514 2818 606 2872 modo
626 2815 751 2872 affirmat
771 2829 800 2873 et
820 2819 977 2886 concedit,
1001 2833 1135 2888 quorum
1152 2833 1224 2873 eum
1241 2817 1282 2872 io·

166 2939 170 2950 ·
230 2911 421 2966 simularem:
449 2911 502 2967 sed
525 2911 614 2967 etistn
635 2926 692 2968 nec
711 2921 824 2968 etatum
847 2927 944 2970 cousse
962 2911 1023 2968 ulla
1041 2921 1128 2985 parte
1153 2911 1280 2980 attingit,

230 3013 346 3062 tanturn
364 3005 512 3060 conviciis
530 3005 649 3064 furens:
669 3007 807 3062 veniente
819 3003 911 3074 Eccii,
923 3005 972 3073 (ut
983 3005 1143 3080 promisit)
1161 3008 1278 3079 inpetu,

228 3099 341 3170 pariter
360 3107 390 3153 et
409 3099 493 3154 iilum
512 3079 676 3162 involvam.

298 3191 427 3248 Cercius
450 3191 595 3249 Miltitius
619 3211 700 3250 nunc
719 3183 848 3264 Terga,
874 3209 954 3250 nune
972 3193 1087 3251 Locha
1108 3195 1139 3252 id
1162 3195 1278 3264 ningit,
1340 3179 1341 3196 ¹

229 3296 262 3344 ot
278 3303 328 3348 me
349 3301 452 3343 secum
472 3289 507 3344 sd
526 3286 690 3344 Treverim
707 3289 812 3348 ducat:
830 3297 858 3343 et
876 3271 953 3344 mire
973 3291 1098 3358 timent,
1118 3291 1206 3346 rslde
1221 3305 1278 3344 rna-

227 3382 405 3449 ohinantor,
429 3381 608 3454 penitusque
633 3383 782 3446 insaniunt
802 3383 975 3442 adversariis
1001 3383 1118 3442 differri
1139 3383 1278 3457 perditio.

225 3490 296 3530 nem
318 3475 566 3542 meiaxscribunt
591 3461 736 3550 Episcopi
758 3478 795 3534 sd
813 3475 942 3532 Romam
968 3485 1075 3536 contre
1095 3495 1158 3536 sne.
1200 3471 1277 3551 Quid

226 3565 363 3622 luturur'n
382 3571 437 3640 sit,
457 3569 586 3625 necdum
605 3553 669 3642 ips's
688 3572 771 3634 scio:
791 3570 871 3628 sorte
890 3569 1050 3628 Treverim
1067 3570 1139 3640 ibo.
1160 3579 1275 3644 accepis

224 3648 284 3718 fide
303 3661 438 3732 publiea,
456 3672 487 3718 et
508 3665 669 3722 vocatione
688 3665 833 3738 Episcopi
849 3657 1055 3723 Trevirensis.
1339 3655 1340 3666 ἶ

296 3753 492 3814 Reverendus
508 3757 600 3814 Pater
614 3758 753 3816 vicarius
768 3759 936 3830 salzburgo
955 3761 1014 3830 egit
1028 3775 1120 3820 senus
1136 3771 1169 3821 et
1183 3763 1277 3820 hono

223 3853 327 3919 flios,
345 3847 482 3908 scribens
499 3849 628 3910 Eooinm
646 3851 761 3912 ambire
778 3853 929 3929 primores
946 3839 1076 3930 passim:
1103 3857 1159 3916 sed
1178 3855 1277 3914 Cordi·

230 3969 756 4004 m

274 4049 310 4106 s,
338 4046 394 4106 ecs
409 4031 455 4103 be.
469 4055 493 4100 e.
507 4053 530 4100 s.
546 4052 608 4104 not.
