<?xml version="1.0" encoding="UTF-8"?>
<!DOCTYPE html PUBLIC "-//W3C//DTD XHTML 1.0 Transitional//EN"
    "http://www.w3.org/TR/xhtml1/DTD/xhtml1-transitional.dtd">
<html xmlns="http://www.w3.org/1999/xhtml" xml:lang="en" lang="en">
 <head>
  <title>
</title>
<meta http-equiv="Content-Type" content="text/html;charset=utf-8" />
  <meta name='ocr-system' content='tesseract 3.04.00' />
  <meta name='ocr-capabilities' content='ocr_page ocr_carea ocr_par ocr_line ocrx_word'/>
</head>
<body>
  <div class='ocr_page' id='page_1' title='image "./briefesendschre07luthgoog/briefesendschre07luthgoog_0388.png"; bbox 0 0 2716 4556; ppageno 0'>
   <div class='ocr_carea' id='block_1_1' title="bbox 10 349 1253 2932">
    <p class='ocr_par' dir='ltr' id='par_1_1' title="bbox 101 349 1253 1147">
     <span class='ocr_line' id='line_1_1' title="bbox 591 349 1161 425; baseline 0.023 -15"><span class='ocrx_word' id='word_1_1' title='bbox 591 349 680 416; x_wconf 78' lang='lat'><strong>1519.</strong></span> <span class='ocrx_word' id='word_1_2' title='bbox 1094 357 1161 425; x_wconf 61' lang='lat' dir='ltr'>357x</span> 
     </span>
     <span class='ocr_line' id='line_1_2' title="bbox 104 493 1151 584; baseline 0.017 -30"><span class='ocrx_word' id='word_1_3' title='bbox 104 506 212 570; x_wconf 63' lang='lat' dir='ltr'>queste</span> <span class='ocrx_word' id='word_1_4' title='bbox 226 505 231 514; x_wconf 83' lang='lat'><strong><em>¹</em></strong></span> <span class='ocrx_word' id='word_1_5' title='bbox 246 497 339 554; x_wconf 85' lang='lat' dir='ltr'>Belial</span> <span class='ocrx_word' id='word_1_6' title='bbox 358 499 437 554; x_wconf 85' lang='lat' dir='ltr'>e&#39;uim</span> <span class='ocrx_word' id='word_1_7' title='bbox 456 493 579 558; x_wconf 79' lang='lat' dir='ltr'>Clitisto</span> <span class='ocrx_word' id='word_1_8' title='bbox 599 523 657 560; x_wconf 89' lang='lat' dir='ltr'>non</span> <span class='ocrx_word' id='word_1_9' title='bbox 678 507 834 577; x_wconf 81' lang='lat' dir='ltr'>congruit,</span> <span class='ocrx_word' id='word_1_10' title='bbox 853 511 1058 568; x_wconf 79' lang='lat' dir='ltr'>oeo&#39;teaebrae</span> <span class='ocrx_word' id='word_1_11' title='bbox 1081 515 1151 584; x_wconf 80' lang='lat' dir='ltr'>luci,</span> 
     </span>
     <span class='ocr_line' id='line_1_3' title="bbox 103 595 1153 679; baseline 0.017 -33"><span class='ocrx_word' id='word_1_12' title='bbox 103 595 182 664; x_wconf 89' lang='lat' dir='ltr'>quin</span> <span class='ocrx_word' id='word_1_13' title='bbox 199 595 299 664; x_wconf 85' lang='lat' dir='ltr'>potius</span> <span class='ocrx_word' id='word_1_14' title='bbox 317 607 474 666; x_wconf 83' lang='lat' dir='ltr'>peecatum</span> <span class='ocrx_word' id='word_1_15' title='bbox 489 600 588 667; x_wconf 80' lang='lat' dir='ltr'>gratias</span> <span class='ocrx_word' id='word_1_16' title='bbox 602 597 635 664; x_wconf 75' lang='grc' dir='ltr'>ε)</span> <span class='ocrx_word' id='word_1_17' title='bbox 654 601 838 658; x_wconf 79' lang='lat' dir='ltr'>adversatut.</span> <span class='ocrx_word' id='word_1_18' title='bbox 875 605 1001 675; x_wconf 87' lang='lat' dir='ltr'>Omnia,</span> <span class='ocrx_word' id='word_1_19' title='bbox 1021 609 1153 679; x_wconf 83' lang='lat' dir='ltr'>inquam,</span> 
     </span>
     <span class='ocr_line' id='line_1_4' title="bbox 102 685 1253 762; baseline 0.017 -22"><span class='ocrx_word' id='word_1_20' title='bbox 102 687 177 744; x_wconf 63' lang='lat' dir='ltr'>haec</span> <span class='ocrx_word' id='word_1_21' title='bbox 196 705 268 743; x_wconf 81' lang='lat' dir='ltr'>vera</span> <span class='ocrx_word' id='word_1_22' title='bbox 287 699 375 759; x_wconf 81' lang='lat' dir='ltr'>suut,</span> <span class='ocrx_word' id='word_1_23' title='bbox 393 691 417 746; x_wconf 86' lang='lat' dir='ltr'>si</span> <span class='ocrx_word' id='word_1_24' title='bbox 436 692 660 748; x_wconf 84' lang='lat' dir='ltr'>Carolostodius</span> <span class='ocrx_word' id='word_1_25' title='bbox 680 685 770 748; x_wconf 73' lang='lat' dir='ltr'>veru‘s</span> <span class='ocrx_word' id='word_1_26' title='bbox 788 705 856 762; x_wconf 87' lang='lat' dir='ltr'>est,</span> <span class='ocrx_word' id='word_1_27' title='bbox 882 710 914 753; x_wconf 90' lang='lat' dir='ltr'>ut</span> <span class='ocrx_word' id='word_1_28' title='bbox 932 699 1042 756; x_wconf 78' lang='lat' dir='ltr'>Eccius</span> <span class='ocrx_word' id='word_1_29' title='bbox 1063 705 1163 758; x_wconf 56' lang='lat' dir='ltr'>dediti</span> <span class='ocrx_word' id='word_1_30' title='bbox 1250 693 1253 726; x_wconf 86' lang='lat'><em>¹</em></span> 
     </span>
     <span class='ocr_line' id='line_1_5' title="bbox 104 781 1159 862; baseline 0.015 -27"><span class='ocrx_word' id='word_1_31' title='bbox 104 781 205 854; x_wconf 77' lang='lat' dir='ltr'>Quod</span> <span class='ocrx_word' id='word_1_32' title='bbox 223 799 247 838; x_wconf 84' lang='lat' dir='ltr'>er</span> <span class='ocrx_word' id='word_1_33' title='bbox 265 792 317 852; x_wconf 90' lang='lat' dir='ltr'>tu</span> <span class='ocrx_word' id='word_1_34' title='bbox 337 784 378 838; x_wconf 91' lang='lat' dir='ltr'>mi</span> <span class='ocrx_word' id='word_1_35' title='bbox 402 784 493 853; x_wconf 85' lang='lat' dir='ltr'>Ecci,</span> <span class='ocrx_word' id='word_1_36' title='bbox 512 787 598 842; x_wconf 86' lang='lat' dir='ltr'>aliam</span> <span class='ocrx_word' id='word_1_37' title='bbox 615 787 708 844; x_wconf 75' lang='lat' dir='ltr'>hebes</span> <span class='ocrx_word' id='word_1_38' title='bbox 726 791 968 862; x_wconf 79' lang='lat' dir='ltr'>grammaticam</span> <span class='ocrx_word' id='word_1_39' title='bbox 989 799 1159 852; x_wconf 79' lang='lat' dir='ltr'>sioutrero&#39;</span> 
     </span>
     <span class='ocr_line' id='line_1_6' title="bbox 103 877 1199 970; baseline 0.016 -41"><span class='ocrx_word' id='word_1_40' title='bbox 103 877 197 930; x_wconf 80' lang='lat' dir='ltr'>aliam</span> <span class='ocrx_word' id='word_1_41' title='bbox 212 894 331 949; x_wconf 86' lang='lat' dir='ltr'>semper</span> <span class='ocrx_word' id='word_1_42' title='bbox 347 879 441 970; x_wconf 75' lang='lat' dir='ltr'>habes</span> <span class='ocrx_word' id='word_1_43' title='bbox 459 881 663 940; x_wconf 81' lang='lat' dir='ltr'>dialecticam.</span> <span class='ocrx_word' id='word_1_44' title='bbox 692 895 725 938; x_wconf 90' lang='lat' dir='ltr'>ut</span> <span class='ocrx_word' id='word_1_45' title='bbox 744 884 861 944; x_wconf 70' lang='lat' dir='ltr'>vietus,</span> <span class='ocrx_word' id='word_1_46' title='bbox 888 888 1000 958; x_wconf 87' lang='lat' dir='ltr'>victor,</span> <span class='ocrx_word' id='word_1_47' title='bbox 1025 891 1155 963; x_wconf 84' lang='lat' dir='ltr'>veritas,</span> <span class='ocrx_word' id='word_1_48' title='bbox 1191 887 1199 896; x_wconf 83' lang='lat'>&#39;</span> 
     </span>
     <span class='ocr_line' id='line_1_7' title="bbox 101 956 1157 1058; baseline 0.013 -33"><span class='ocrx_word' id='word_1_49' title='bbox 101 987 216 1040; x_wconf 82' lang='lat' dir='ltr'>error,</span> <span class='ocrx_word' id='word_1_50' title='bbox 233 956 382 1040; x_wconf 86' lang='lat' dir='ltr'>breviter,</span> <span class='ocrx_word' id='word_1_51' title='bbox 400 989 449 1028; x_wconf 85' lang='lat' dir='ltr'>res</span> <span class='ocrx_word' id='word_1_52' title='bbox 468 986 497 1029; x_wconf 86' lang='lat' dir='ltr'>et</span> <span class='ocrx_word' id='word_1_53' title='bbox 516 977 661 1031; x_wconf 85' lang='lat' dir='ltr'>vocabula</span> <span class='ocrx_word' id='word_1_54' title='bbox 680 977 734 1033; x_wconf 93' lang='lat' dir='ltr'>tibi</span> <span class='ocrx_word' id='word_1_55' title='bbox 753 979 788 1033; x_wconf 89' lang='lat' dir='ltr'>ad</span> <span class='ocrx_word' id='word_1_56' title='bbox 809 978 949 1049; x_wconf 72' lang='lat' dir='ltr'>placitum</span> <span class='ocrx_word' id='word_1_57' title='bbox 968 1000 1049 1042; x_wconf 85' lang='lat' dir='ltr'>novo</span> <span class='ocrx_word' id='word_1_58' title='bbox 1070 983 1157 1058; x_wconf 85' lang='lat' dir='ltr'>Mer·</span> 
     </span>
     <span class='ocr_line' id='line_1_8' title="bbox 104 1065 1155 1147; baseline 0.013 -28"><span class='ocrx_word' id='word_1_59' title='bbox 104 1065 198 1121; x_wconf 83' lang='lat' dir='ltr'>eurio</span> <span class='ocrx_word' id='word_1_60' title='bbox 216 1067 362 1124; x_wconf 85' lang='lat' dir='ltr'>serviant:</span> <span class='ocrx_word' id='word_1_61' title='bbox 389 1067 480 1124; x_wconf 85' lang='lat' dir='ltr'>debes</span> <span class='ocrx_word' id='word_1_62' title='bbox 500 1069 588 1126; x_wconf 89' lang='lat' dir='ltr'>nobis</span> <span class='ocrx_word' id='word_1_63' title='bbox 607 1087 673 1128; x_wconf 80' lang='lat' dir='ltr'>esse</span> <span class='ocrx_word' id='word_1_64' title='bbox 695 1073 862 1144; x_wconf 76' lang='lat' dir='ltr'>propitius,</span> <span class='ocrx_word' id='word_1_65' title='bbox 882 1093 938 1130; x_wconf 81' lang='lat' dir='ltr'>uec</span> <span class='ocrx_word' id='word_1_66' title='bbox 958 1095 1035 1146; x_wconf 76' lang='lat' dir='ltr'>aegre</span> <span class='ocrx_word' id='word_1_67' title='bbox 1055 1079 1155 1147; x_wconf 84' lang='lat' dir='ltr'>ferra,</span> 
     </span>
    </p>

    <p class='ocr_par' dir='ltr' id='par_1_2' title="bbox 10 1160 1186 2932">
     <span class='ocr_line' id='line_1_9' title="bbox 45 1160 1156 1244; baseline 0.009 -29"><span class='ocrx_word' id='word_1_68' title='bbox 45 1185 49 1194; x_wconf 91' lang='lat'><em>·</em></span> <span class='ocrx_word' id='word_1_69' title='bbox 99 1160 131 1216; x_wconf 74' lang='lat' dir='ltr'>ei</span> <span class='ocrx_word' id='word_1_70' title='bbox 152 1168 258 1218; x_wconf 80' lang='lat' dir='ltr'>nostra</span> <span class='ocrx_word' id='word_1_71' title='bbox 277 1171 413 1232; x_wconf 86' lang='lat' dir='ltr'>utamur,</span> <span class='ocrx_word' id='word_1_72' title='bbox 431 1165 549 1234; x_wconf 84' lang='lat' dir='ltr'>quando</span> <span class='ocrx_word' id='word_1_73' title='bbox 569 1169 768 1236; x_wconf 75' lang='lat' dir='ltr'>permittimus</span> <span class='ocrx_word' id='word_1_74' title='bbox 786 1180 815 1226; x_wconf 90' lang='lat' dir='ltr'>te</span> <span class='ocrx_word' id='word_1_75' title='bbox 834 1172 876 1228; x_wconf 87' lang='lat' dir='ltr'>uti</span> <span class='ocrx_word' id='word_1_76' title='bbox 895 1183 954 1244; x_wconf 84' lang='lat' dir='ltr'>tua.</span> <span class='ocrx_word' id='word_1_77' title='bbox 979 1171 1024 1226; x_wconf 84' lang='lat' dir='ltr'>Ita</span> <span class='ocrx_word' id='word_1_78' title='bbox 1043 1171 1156 1227; x_wconf 82' lang='lat' dir='ltr'>husus.</span> 
     </span>
     <span class='ocr_line' id='line_1_10' title="bbox 104 1255 564 1329; baseline 0.009 -19"><span class='ocrx_word' id='word_1_79' title='bbox 104 1271 171 1328; x_wconf 84' lang='lat' dir='ltr'>que</span> <span class='ocrx_word' id='word_1_80' title='bbox 188 1255 270 1328; x_wconf 75' lang='lat' dir='ltr'>sapui</span> <span class='ocrx_word' id='word_1_81' title='bbox 292 1266 322 1310; x_wconf 89' lang='lat' dir='ltr'>et</span> <span class='ocrx_word' id='word_1_82' title='bbox 341 1261 435 1329; x_wconf 77' lang='lat' dir='ltr'>sapio.</span> <span class='ocrx_word' id='word_1_83' title='bbox 557 1269 564 1296; x_wconf 63' lang='grc' dir='ltr'><em>Ι</em></span> 
     </span>
     <span class='ocr_line' id='line_1_11' title="bbox 179 1349 1153 1433; baseline 0.013 -29"><span class='ocrx_word' id='word_1_84' title='bbox 179 1349 236 1405; x_wconf 86' lang='lat' dir='ltr'>Sed</span> <span class='ocrx_word' id='word_1_85' title='bbox 259 1351 341 1418; x_wconf 88' lang='lat' dir='ltr'>solo,</span> <span class='ocrx_word' id='word_1_86' title='bbox 368 1351 438 1424; x_wconf 91' lang='lat' dir='ltr'>quid</span> <span class='ocrx_word' id='word_1_87' title='bbox 460 1351 511 1420; x_wconf 79' lang='lat' dir='ltr'>hio</span> <span class='ocrx_word' id='word_1_88' title='bbox 530 1353 665 1433; x_wconf 71' lang='lat' dir='ltr'>cogites.</span> <span class='ocrx_word' id='word_1_89' title='bbox 691 1357 732 1413; x_wconf 82' lang='lat' dir='ltr'>At</span> <span class='ocrx_word' id='word_1_90' title='bbox 753 1360 814 1415; x_wconf 90' lang='lat' dir='ltr'>ooli</span> <span class='ocrx_word' id='word_1_91' title='bbox 837 1359 976 1429; x_wconf 82' lang='lat' dir='ltr'>interim,</span> <span class='ocrx_word' id='word_1_92' title='bbox 1002 1361 1042 1416; x_wconf 90' lang='lat' dir='ltr'>mi</span> <span class='ocrx_word' id='word_1_93' title='bbox 1062 1359 1153 1430; x_wconf 69' lang='lat' dir='ltr'>licei,</span> 
     </span>
     <span class='ocr_line' id='line_1_12' title="bbox 102 1439 1153 1532; baseline 0.009 -31"><span class='ocrx_word' id='word_1_94' title='bbox 102 1445 231 1518; x_wconf 83' lang='lat' dir='ltr'><strong>rumpi.</strong></span> <span class='ocrx_word' id='word_1_95' title='bbox 254 1461 331 1501; x_wconf 86' lang='lat' dir='ltr'>mox</span> <span class='ocrx_word' id='word_1_96' title='bbox 349 1439 478 1514; x_wconf 81' lang='lat' dir='ltr'>aderos)</span> <span class='ocrx_word' id='word_1_97' title='bbox 498 1449 730 1517; x_wconf 80' lang='lat' dir='ltr'>cogitationibus</span> <span class='ocrx_word' id='word_1_98' title='bbox 748 1455 827 1516; x_wconf 82' lang='lat' dir='ltr'>tuis.</span> <span class='ocrx_word' id='word_1_99' title='bbox 848 1455 910 1509; x_wconf 87' lang='lat' dir='ltr'>hoo</span> <span class='ocrx_word' id='word_1_100' title='bbox 929 1455 1059 1532; x_wconf 85' lang='lat' dir='ltr'>primum</span> <span class='ocrx_word' id='word_1_101' title='bbox 1079 1473 1153 1528; x_wconf 79' lang='lat' dir='ltr'>prae.</span> 
     </span>
     <span class='ocr_line' id='line_1_13' title="bbox 104 1540 1155 1614; baseline 0.008 -20"><span class='ocrx_word' id='word_1_102' title='bbox 104 1540 202 1604; x_wconf 75' lang='lat' dir='ltr'>satus,</span> <span class='ocrx_word' id='word_1_103' title='bbox 229 1541 310 1611; x_wconf 88' lang='lat' dir='ltr'>quod</span> <span class='ocrx_word' id='word_1_104' title='bbox 331 1550 438 1596; x_wconf 82' lang='lat' dir='ltr'>caetera</span> <span class='ocrx_word' id='word_1_105' title='bbox 455 1543 491 1596; x_wconf 84' lang='lat' dir='ltr'>tle</span> <span class='ocrx_word' id='word_1_106' title='bbox 511 1544 659 1598; x_wconf 82' lang='lat' dir='ltr'>activitate</span> <span class='ocrx_word' id='word_1_107' title='bbox 677 1544 804 1600; x_wconf 86' lang='lat' dir='ltr'>liberum</span> <span class='ocrx_word' id='word_1_108' title='bbox 824 1545 1023 1614; x_wconf 74' lang='lat' dir='ltr'>arbitriumtt)</span> <span class='ocrx_word' id='word_1_109' title='bbox 1052 1559 1081 1602; x_wconf 84' lang='lat' dir='ltr'>ot</span> <span class='ocrx_word' id='word_1_110' title='bbox 1099 1547 1155 1602; x_wconf 78' lang='lat' dir='ltr'>alie</span> 
     </span>
     <span class='ocr_line' id='line_1_14' title="bbox 102 1633 1154 1714; baseline 0.008 -28"><span class='ocrx_word' id='word_1_111' title='bbox 102 1633 293 1706; x_wconf 72' lang='lat' dir='ltr'>quaedam,</span> <span class='ocrx_word' id='word_1_112' title='bbox 286 1651 316 1688; x_wconf 88' lang='lat' dir='ltr'>m</span> <span class='ocrx_word' id='word_1_113' title='bbox 338 1634 448 1706; x_wconf 89' lang='lat' dir='ltr'>quibus</span> <span class='ocrx_word' id='word_1_114' title='bbox 467 1645 583 1691; x_wconf 83' lang='lat' dir='ltr'>tantum</span> <span class='ocrx_word' id='word_1_115' title='bbox 608 1639 776 1710; x_wconf 78' lang='lat' dir='ltr'>perdidistis</span> <span class='ocrx_word' id='word_1_116' title='bbox 800 1653 934 1714; x_wconf 88' lang='lat' dir='ltr'>tempus,</span> <span class='ocrx_word' id='word_1_117' title='bbox 954 1641 1068 1696; x_wconf 89' lang='lat' dir='ltr'>leviora</span> <span class='ocrx_word' id='word_1_118' title='bbox 1089 1641 1154 1696; x_wconf 87' lang='lat' dir='ltr'>lue.</span> 
     </span>
     <span class='ocr_line' id='line_1_15' title="bbox 102 1729 1154 1808; baseline 0.008 -26"><span class='ocrx_word' id='word_1_119' title='bbox 102 1733 193 1786; x_wconf 76' lang='lat' dir='ltr'>ruat.</span> <span class='ocrx_word' id='word_1_120' title='bbox 212 1743 302 1800; x_wconf 88' lang='lat' dir='ltr'>quam</span> <span class='ocrx_word' id='word_1_121' title='bbox 318 1737 352 1786; x_wconf 86' lang='lat' dir='ltr'>ot</span> <span class='ocrx_word' id='word_1_122' title='bbox 370 1729 602 1802; x_wconf 84' lang='lat' dir='ltr'>disputationem</span> <span class='ocrx_word' id='word_1_123' title='bbox 623 1733 846 1805; x_wconf 80' lang='lat' dir='ltr'>theologicam,</span> <span class='ocrx_word' id='word_1_124' title='bbox 871 1735 1036 1808; x_wconf 84' lang='lat' dir='ltr'>praesertim</span> <span class='ocrx_word' id='word_1_125' title='bbox 1061 1735 1154 1790; x_wconf 88' lang='lat' dir='ltr'>talem</span> 
     </span>
     <span class='ocr_line' id='line_1_16' title="bbox 103 1827 1186 1891; baseline 0.007 -15"><span class='ocrx_word' id='word_1_126' title='bbox 103 1839 141 1878; x_wconf 86' lang='lat' dir='ltr'>ao</span> <span class='ocrx_word' id='word_1_127' title='bbox 168 1833 300 1891; x_wconf 85' lang='lat' dir='ltr'>tautam,</span> <span class='ocrx_word' id='word_1_128' title='bbox 327 1835 530 1881; x_wconf 85' lang='lat' dir='ltr'>mererentur.</span> <span class='ocrx_word' id='word_1_129' title='bbox 571 1827 736 1884; x_wconf 85' lang='lat' dir='ltr'>Sollicitde</span> <span class='ocrx_word' id='word_1_130' title='bbox 757 1845 873 1884; x_wconf 81' lang='lat' dir='ltr'>summo</span> <span class='ocrx_word' id='word_1_131' title='bbox 893 1831 969 1885; x_wconf 86' lang='lat' dir='ltr'>inter</span> <span class='ocrx_word' id='word_1_132' title='bbox 996 1843 1053 1884; x_wconf 88' lang='lat' dir='ltr'>nos</span> <span class='ocrx_word' id='word_1_133' title='bbox 1077 1845 1155 1890; x_wconf 81' lang='lat' dir='ltr'>oon·</span> <span class='ocrx_word' id='word_1_134' title='bbox 1184 1873 1186 1878; x_wconf 69' lang='lat'>,</span> 
     </span>
     <span class='ocr_line' id='line_1_17' title="bbox 101 1915 1156 1992; baseline 0.005 -21"><span class='ocrx_word' id='word_1_135' title='bbox 101 1919 244 1986; x_wconf 84' lang='lat' dir='ltr'>venisse,</span> <span class='ocrx_word' id='word_1_136' title='bbox 263 1917 390 1972; x_wconf 88' lang='lat' dir='ltr'>liberum</span> <span class='ocrx_word' id='word_1_137' title='bbox 409 1919 566 1975; x_wconf 82' lang='lat' dir='ltr'>arbitrium</span> <span class='ocrx_word' id='word_1_138' title='bbox 584 1919 698 1976; x_wconf 89' lang='lat' dir='ltr'>bonum</span> <span class='ocrx_word' id='word_1_139' title='bbox 713 1923 783 1978; x_wconf 86' lang='lat' dir='ltr'>Deo</span> <span class='ocrx_word' id='word_1_140' title='bbox 800 1929 830 1976; x_wconf 90' lang='lat' dir='ltr'>et</span> <span class='ocrx_word' id='word_1_141' title='bbox 845 1923 944 1992; x_wconf 74' lang='lat' dir='ltr'>gratias</span> <span class='ocrx_word' id='word_1_142' title='bbox 943 1915 1016 1978; x_wconf 87' lang='lat' dir='ltr'>soli</span> <span class='ocrx_word' id='word_1_143' title='bbox 1032 1921 1156 1991; x_wconf 87' lang='lat' dir='ltr'>deberi,</span> 
     </span>
     <span class='ocr_line' id='line_1_18' title="bbox 10 2009 1185 2102; baseline 0 -34"><span class='ocrx_word' id='word_1_144' title='bbox 10 2009 11 2012; x_wconf 63' lang='grc'>’</span> <span class='ocrx_word' id='word_1_145' title='bbox 102 2011 169 2068; x_wconf 83' lang='lat' dir='ltr'>sine</span> <span class='ocrx_word' id='word_1_146' title='bbox 189 2029 326 2084; x_wconf 81' lang='lat' dir='ltr'>qusnon</span> <span class='ocrx_word' id='word_1_147' title='bbox 345 2013 438 2083; x_wconf 83' lang='lat' dir='ltr'>possit</span> <span class='ocrx_word' id='word_1_148' title='bbox 457 2013 512 2069; x_wconf 85' lang='lat' dir='ltr'>nisi</span> <span class='ocrx_word' id='word_1_149' title='bbox 532 2031 670 2086; x_wconf 85' lang='lat' dir='ltr'>peccare.</span> <span class='ocrx_word' id='word_1_150' title='bbox 942 2020 944 2031; x_wconf 73' lang='lat'><strong>¹</strong></span> <span class='ocrx_word' id='word_1_151' title='bbox 1179 2078 1185 2102; x_wconf 49' lang='grc'>1</span> 
     </span>
     <span class='ocr_line' id='line_1_19' title="bbox 174 2105 1153 2182; baseline 0.006 -22"><span class='ocrx_word' id='word_1_152' title='bbox 174 2105 304 2181; x_wconf 78' lang='lat' dir='ltr'>Quando</span> <span class='ocrx_word' id='word_1_153' title='bbox 330 2117 437 2164; x_wconf 86' lang='lat' dir='ltr'>autem</span> <span class='ocrx_word' id='word_1_154' title='bbox 457 2117 489 2162; x_wconf 92' lang='lat' dir='ltr'>tu</span> <span class='ocrx_word' id='word_1_155' title='bbox 512 2123 602 2177; x_wconf 79' lang='lat' dir='ltr'>negas</span> <span class='ocrx_word' id='word_1_156' title='bbox 628 2109 695 2178; x_wconf 88' lang='lat' dir='ltr'>illa,</span> <span class='ocrx_word' id='word_1_157' title='bbox 724 2125 789 2182; x_wconf 80' lang='lat' dir='ltr'>quse</span> <span class='ocrx_word' id='word_1_158' title='bbox 808 2111 915 2180; x_wconf 86' lang='lat' dir='ltr'>intuli,</span> <span class='ocrx_word' id='word_1_159' title='bbox 941 2121 972 2165; x_wconf 88' lang='lat' dir='ltr'>et</span> <span class='ocrx_word' id='word_1_160' title='bbox 999 2109 1153 2166; x_wconf 78' lang='lat' dir='ltr'>mendacia</span> 
     </span>
     <span class='ocr_line' id='line_1_20' title="bbox 102 2193 1154 2276; baseline 0.003 -22"><span class='ocrx_word' id='word_1_161' title='bbox 102 2199 232 2268; x_wconf 82' lang='lat' dir='ltr'>asseris,</span> <span class='ocrx_word' id='word_1_162' title='bbox 247 2201 312 2258; x_wconf 77' lang='lat' dir='ltr'>,duo</span> <span class='ocrx_word' id='word_1_163' title='bbox 332 2193 448 2272; x_wconf 76' lang='lat' dir='ltr'>oo&#39;gito:</span> <span class='ocrx_word' id='word_1_164' title='bbox 474 2211 526 2256; x_wconf 88' lang='lat' dir='ltr'>aut</span> <span class='ocrx_word' id='word_1_165' title='bbox 543 2211 573 2257; x_wconf 86' lang='lat' dir='ltr'>te</span> <span class='ocrx_word' id='word_1_166' title='bbox 591 2202 717 2258; x_wconf 82' lang='lat' dir='ltr'>subdole</span> <span class='ocrx_word' id='word_1_167' title='bbox 737 2206 835 2259; x_wconf 88' lang='lat' dir='ltr'>omnia</span> <span class='ocrx_word' id='word_1_168' title='bbox 853 2203 961 2276; x_wconf 75' lang='lat' dir='ltr'>Lipsiae</span> <span class='ocrx_word' id='word_1_169' title='bbox 980 2204 1096 2276; x_wconf 76' lang='lat' dir='ltr'>egisse,</span> <span class='ocrx_word' id='word_1_170' title='bbox 1124 2211 1154 2258; x_wconf 86' lang='lat' dir='ltr'>et</span> 
     </span>
     <span class='ocr_line' id='line_1_21' title="bbox 105 2290 1155 2372; baseline 0.001 -22"><span class='ocrx_word' id='word_1_171' title='bbox 105 2294 329 2352; x_wconf 78' lang='lat' dir='ltr'>odiosissimum</span> <span class='ocrx_word' id='word_1_172' title='bbox 347 2296 553 2352; x_wconf 79' lang='lat' dir='ltr'>simulatorem</span> <span class='ocrx_word' id='word_1_173' title='bbox 574 2296 666 2352; x_wconf 84' lang='lat' dir='ltr'>luisse</span> <span class='ocrx_word' id='word_1_174' title='bbox 685 2290 717 2352; x_wconf 73' lang='lat' dir='ltr'>in&#39;</span> <span class='ocrx_word' id='word_1_175' title='bbox 735 2297 868 2354; x_wconf 78' lang='lat' dir='ltr'>veritatis</span> <span class='ocrx_word' id='word_1_176' title='bbox 893 2299 1076 2372; x_wconf 86' lang='lat' dir='ltr'>perniciem,</span> <span class='ocrx_word' id='word_1_177' title='bbox 1104 2305 1155 2356; x_wconf 89' lang='lat' dir='ltr'>aut</span> 
     </span>
     <span class='ocr_line' id='line_1_22' title="bbox 104 2377 1155 2464; baseline 0 -20"><span class='ocrx_word' id='word_1_178' title='bbox 104 2399 138 2444; x_wconf 88' lang='lat' dir='ltr'>te</span> <span class='ocrx_word' id='word_1_179' title='bbox 165 2404 230 2446; x_wconf 85' lang='lat' dir='ltr'>esse</span> <span class='ocrx_word' id='word_1_180' title='bbox 255 2392 364 2462; x_wconf 86' lang='lat' dir='ltr'>quovis</span> <span class='ocrx_word' id='word_1_181' title='bbox 387 2400 498 2447; x_wconf 83' lang='lat' dir='ltr'>trunco</span> <span class='ocrx_word' id='word_1_182' title='bbox 529 2391 738 2464; x_wconf 85' lang='lat' dir='ltr'>stupidiorem.</span> <span class='ocrx_word' id='word_1_183' title='bbox 764 2394 885 2464; x_wconf 77' lang='lat' dir='ltr'>¹Atque</span> <span class='ocrx_word' id='word_1_184' title='bbox 910 2377 962 2447; x_wconf 84' lang='lat' dir='ltr'>hio</span> <span class='ocrx_word' id='word_1_185' title='bbox 987 2391 1069 2447; x_wconf 87' lang='lat' dir='ltr'>forte</span> <span class='ocrx_word' id='word_1_186' title='bbox 1097 2391 1155 2446; x_wconf 90' lang='lat' dir='ltr'>erit</span> 
     </span>
     <span class='ocr_line' id='line_1_23' title="bbox 103 2483 1155 2558; baseline -0.002 -18"><span class='ocrx_word' id='word_1_187' title='bbox 103 2483 211 2552; x_wconf 82' lang='lat' dir='ltr'>dignus</span> <span class='ocrx_word' id='word_1_188' title='bbox 229 2485 347 2540; x_wconf 87' lang='lat' dir='ltr'>vindice</span> <span class='ocrx_word' id='word_1_189' title='bbox 365 2486 473 2542; x_wconf 89' lang='lat' dir='ltr'>nodus.</span> <span class='ocrx_word' id='word_1_190' title='bbox 509 2485 665 2556; x_wconf 89' lang='lat' dir='ltr'>Stupidum</span> <span class='ocrx_word' id='word_1_191' title='bbox 685 2493 716 2539; x_wconf 91' lang='lat' dir='ltr'>te</span> <span class='ocrx_word' id='word_1_192' title='bbox 734 2485 806 2543; x_wconf 89' lang='lat' dir='ltr'>nolo</span> <span class='ocrx_word' id='word_1_193' title='bbox 826 2486 947 2554; x_wconf 86' lang='lat' dir='ltr'>dicere,</span> <span class='ocrx_word' id='word_1_194' title='bbox 969 2485 1019 2558; x_wconf 91' lang='lat' dir='ltr'>qui</span> <span class='ocrx_word' id='word_1_195' title='bbox 1038 2492 1155 2539; x_wconf 87' lang='lat' dir='ltr'>tantum</span> 
     </span>
     <span class='ocr_line' id='line_1_24' title="bbox 102 2578 1156 2650; baseline 0 -18"><span class='ocrx_word' id='word_1_196' title='bbox 102 2579 179 2633; x_wconf 88' lang='lat' dir='ltr'>mibi</span> <span class='ocrx_word' id='word_1_197' title='bbox 198 2580 268 2634; x_wconf 84' lang='lat' dir='ltr'>satis</span> <span class='ocrx_word' id='word_1_198' title='bbox 287 2579 420 2634; x_wconf 83' lang='lat' dir='ltr'>crederis</span> <span class='ocrx_word' id='word_1_199' title='bbox 437 2578 550 2634; x_wconf 81' lang='lat' dir='ltr'>habere</span> <span class='ocrx_word' id='word_1_200' title='bbox 568 2579 736 2648; x_wconf 77' lang='lat' dir='ltr'>acuminis,</span> <span class='ocrx_word' id='word_1_201' title='bbox 767 2589 801 2634; x_wconf 88' lang='lat' dir='ltr'>ut</span> <span class='ocrx_word' id='word_1_202' title='bbox 821 2589 982 2650; x_wconf 86' lang='lat' dir='ltr'>peccatum</span> <span class='ocrx_word' id='word_1_203' title='bbox 1001 2595 1071 2633; x_wconf 88' lang='lat' dir='ltr'>oum</span> <span class='ocrx_word' id='word_1_204' title='bbox 1089 2593 1156 2644; x_wconf 80' lang='lat' dir='ltr'>gra.</span> 
     </span>
     <span class='ocr_line' id='line_1_25' title="bbox 103 2650 1104 2748; baseline -0.005 -19"><span class='ocrx_word' id='word_1_205' title='bbox 103 2674 147 2729; x_wconf 89' lang='lat' dir='ltr'>tia</span> <span class='ocrx_word' id='word_1_206' title='bbox 165 2650 334 2734; x_wconf 76' lang='lat' dir='ltr'>immediate</span> <span class='ocrx_word' id='word_1_207' title='bbox 352 2689 484 2748; x_wconf 79' lang='lat' dir='ltr'>pugnare</span> <span class='ocrx_word' id='word_1_208' title='bbox 503 2673 668 2744; x_wconf 76' lang='lat' dir='ltr'>intelligas,</span> <span class='ocrx_word' id='word_1_209' title='bbox 686 2673 766 2728; x_wconf 84' lang='lat' dir='ltr'>siout</span> <span class='ocrx_word' id='word_1_210' title='bbox 784 2669 884 2728; x_wconf 85' lang='lat' dir='ltr'>lucem</span> <span class='ocrx_word' id='word_1_211' title='bbox 904 2682 934 2726; x_wconf 88' lang='lat' dir='ltr'>et</span> <span class='ocrx_word' id='word_1_212' title='bbox 954 2661 1104 2726; x_wconf 71' lang='lat' dir='ltr'>tenebras.</span> 
     </span>
     <span class='ocr_line' id='line_1_26' title="bbox 173 2763 1157 2847; baseline -0.008 -23"><span class='ocrx_word' id='word_1_213' title='bbox 173 2768 335 2847; x_wconf 70' lang='lat' dir='ltr'>Relitpuum</span> <span class='ocrx_word' id='word_1_214' title='bbox 359 2777 422 2835; x_wconf 83' lang='lat' dir='ltr'>est,</span> <span class='ocrx_word' id='word_1_215' title='bbox 449 2777 557 2838; x_wconf 82' lang='lat' dir='ltr'>tepet</span> <span class='ocrx_word' id='word_1_216' title='bbox 588 2777 766 2838; x_wconf 81' lang='lat' dir='ltr'>peceatum,</span> <span class='ocrx_word' id='word_1_217' title='bbox 792 2767 930 2826; x_wconf 79' lang='lat' dir='ltr'>malum,</span> <span class='ocrx_word' id='word_1_218' title='bbox 969 2763 1157 2834; x_wconf 83' lang='lat' dir='ltr'>iniquitatum</span> 
     </span>
     <span class='ocr_line' id='line_1_27' title="bbox 104 2857 1156 2932; baseline -0.009 -14"><span class='ocrx_word' id='word_1_219' title='bbox 104 2861 233 2918; x_wconf 78' lang='lat' dir='ltr'>subdole</span> <span class='ocrx_word' id='word_1_220' title='bbox 256 2861 440 2918; x_wconf 83' lang='lat' dir='ltr'>intellexisse</span> <span class='ocrx_word' id='word_1_221' title='bbox 462 2877 560 2932; x_wconf 87' lang='lat' dir='ltr'>neque</span> <span class='ocrx_word' id='word_1_222' title='bbox 582 2873 758 2932; x_wconf 81' lang='lat' dir='ltr'>peecatum,</span> <span class='ocrx_word' id='word_1_223' title='bbox 782 2875 881 2929; x_wconf 87' lang='lat' dir='ltr'>neque</span> <span class='ocrx_word' id='word_1_224' title='bbox 901 2857 1031 2926; x_wconf 86' lang='lat' dir='ltr'>malum,</span> <span class='ocrx_word' id='word_1_225' title='bbox 1057 2872 1156 2926; x_wconf 87' lang='lat' dir='ltr'>neque</span> 
     </span>
    </p>
   </div>
   <div class='ocr_carea' id='block_1_2' title="bbox 103 2949 1269 3119">
    <p class='ocr_par' dir='ltr' id='par_1_3' title="bbox 103 2949 1269 3114">
     <span class='ocr_line' id='line_1_28' title="bbox 103 2949 1269 3028; baseline -0.009 -14"><span class='ocrx_word' id='word_1_226' title='bbox 103 2959 309 3028; x_wconf 85' lang='lat' dir='ltr'>iniquitatem,</span> <span class='ocrx_word' id='word_1_227' title='bbox 337 2957 419 3028; x_wconf 91' lang='lat' dir='ltr'>quod</span> <span class='ocrx_word' id='word_1_228' title='bbox 446 2955 538 3010; x_wconf 87' lang='lat' dir='ltr'>verba</span> <span class='ocrx_word' id='word_1_229' title='bbox 566 2964 691 3020; x_wconf 83' lang='lat' dir='ltr'>sonant,</span> <span class='ocrx_word' id='word_1_230' title='bbox 714 2954 786 3019; x_wconf 88' lang='lat' dir='ltr'>aed,</span> <span class='ocrx_word' id='word_1_231' title='bbox 814 2953 895 3022; x_wconf 82' lang='lat' dir='ltr'>qood</span> <span class='ocrx_word' id='word_1_232' title='bbox 914 2961 947 3006; x_wconf 92' lang='lat' dir='ltr'>tu</span> <span class='ocrx_word' id='word_1_233' title='bbox 968 2949 1098 3017; x_wconf 83' lang='lat' dir='ltr'>finxisti,</span> <span class='ocrx_word' id='word_1_234' title='bbox 1127 2949 1158 3004; x_wconf 88' lang='lat' dir='ltr'>id</span> <span class='ocrx_word' id='word_1_235' title='bbox 1202 2973 1204 2978; x_wconf 96' lang='lat'>·</span> <span class='ocrx_word' id='word_1_236' title='bbox 1267 3019 1269 3026; x_wconf 28' lang='grc' dir='ltr'>Ι</span> 
     </span>
     <span class='ocr_line' id='line_1_29' title="bbox 105 3043 1158 3119; baseline -0.012 -11"><span class='ocrx_word' id='word_1_237' title='bbox 105 3063 169 3119; x_wconf 85' lang='lat' dir='ltr'>est,</span> <span class='ocrx_word' id='word_1_238' title='bbox 186 3070 249 3109; x_wconf 85' lang='lat' dir='ltr'>noo</span> <span class='ocrx_word' id='word_1_239' title='bbox 266 3052 475 3118; x_wconf 78' lang='lat' dir='ltr'>meritorium</span> <span class='ocrx_word' id='word_1_240' title='bbox 497 3065 611 3103; x_wconf 88' lang='lat' dir='ltr'>novum</span> <span class='ocrx_word' id='word_1_241' title='bbox 629 3047 746 3101; x_wconf 77' lang='lat' dir='ltr'>scilicet</span> <span class='ocrx_word' id='word_1_242' title='bbox 762 3045 968 3113; x_wconf 77' lang='lat' dir='ltr'>vocabulum</span> <span class='ocrx_word' id='word_1_243' title='bbox 988 3055 1077 3114; x_wconf 81' lang='lat' dir='ltr'>atque</span> <span class='ocrx_word' id='word_1_244' title='bbox 1093 3043 1158 3096; x_wconf 84' lang='lat' dir='ltr'>Au</span> 
     </span>
    </p>
   </div>
   <div class='ocr_carea' id='block_1_3' title="bbox 69 3117 1254 3588">
    <p class='ocr_par' dir='ltr' id='par_1_4' title="bbox 101 3117 1189 3307">
     <span class='ocr_line' id='line_1_30' title="bbox 103 3117 1159 3218; baseline -0.013 -15"><span class='ocrx_word' id='word_1_245' title='bbox 103 3147 256 3218; x_wconf 68' lang='lat' dir='ltr'>guarinum</span> <span class='ocrx_word' id='word_1_246' title='bbox 282 3157 312 3201; x_wconf 84' lang='lat' dir='ltr'>et</span> <span class='ocrx_word' id='word_1_247' title='bbox 331 3145 526 3202; x_wconf 84' lang='lat' dir='ltr'>Ambrosium</span> <span class='ocrx_word' id='word_1_248' title='bbox 531 3117 746 3196; x_wconf 82' lang='lat' dir='ltr'>Carolostadii</span> <span class='ocrx_word' id='word_1_249' title='bbox 765 3123 799 3206; x_wconf 77' lang='lat'>¹³)</span> <span class='ocrx_word' id='word_1_250' title='bbox 820 3138 865 3194; x_wconf 84' lang='lat' dir='ltr'>sio</span> <span class='ocrx_word' id='word_1_251' title='bbox 883 3139 1054 3209; x_wconf 79' lang='lat' dir='ltr'>accepisse·</span> <span class='ocrx_word' id='word_1_252' title='bbox 1082 3135 1159 3191; x_wconf 92' lang='lat' dir='ltr'>libe.</span> 
     </span>
     <span class='ocr_line' id='line_1_31' title="bbox 101 3215 1189 3322; baseline -0.012 -24"><span class='ocrx_word' id='word_1_253' title='bbox 101 3258 172 3300; x_wconf 85' lang='lat' dir='ltr'>rum</span> <span class='ocrx_word' id='word_1_254' title='bbox 191 3241 348 3295; x_wconf 83' lang='lat' dir='ltr'>arbitrium</span> <span class='ocrx_word' id='word_1_255' title='bbox 367 3250 435 3293; x_wconf 84' lang='lat' dir='ltr'>ante</span> <span class='ocrx_word' id='word_1_256' title='bbox 456 3237 582 3307; x_wconf 81' lang='lat' dir='ltr'>gratiam</span> <span class='ocrx_word' id='word_1_257' title='bbox 604 3251 666 3290; x_wconf 87' lang='lat' dir='ltr'>uon</span> <span class='ocrx_word' id='word_1_258' title='bbox 685 3233 783 3302; x_wconf 78' lang='lat' dir='ltr'>valet,</span> <span class='ocrx_word' id='word_1_259' title='bbox 814 3233 871 3287; x_wconf 88' lang='lat' dir='ltr'>nisi</span> <span class='ocrx_word' id='word_1_260' title='bbox 885 3232 930 3300; x_wconf 53' lang='lat' dir='ltr'>‘ad</span> <span class='ocrx_word' id='word_1_261' title='bbox 952 3215 1160 3322; x_wconf 75' lang='lat' dir='ltr'>peccandum,</span> <span class='ocrx_word' id='word_1_262' title='bbox 1181 3295 1189 3307; x_wconf 38' lang='grc' dir='ltr'>ι</span> 
     </span>
    </p>

    <p class='ocr_par' dir='ltr' id='par_1_5' title="bbox 69 3303 1254 3588">
     <span class='ocr_line' id='line_1_32' title="bbox 69 3303 1254 3401; baseline -0.011 -10"><span class='ocrx_word' id='word_1_263' title='bbox 69 3327 72 3334; x_wconf 65' lang='grc'><strong>“</strong></span> <span class='ocrx_word' id='word_1_264' title='bbox 101 3337 133 3392; x_wconf 89' lang='lat' dir='ltr'>id</span> <span class='ocrx_word' id='word_1_265' title='bbox 152 3344 215 3401; x_wconf 83' lang='lat' dir='ltr'>est,</span> <span class='ocrx_word' id='word_1_266' title='bbox 234 3331 269 3389; x_wconf 86' lang='lat' dir='ltr'>ad</span> <span class='ocrx_word' id='word_1_267' title='bbox 288 3351 348 3388; x_wconf 87' lang='lat' dir='ltr'>noo</span> <span class='ocrx_word' id='word_1_268' title='bbox 367 3331 564 3398; x_wconf 83' lang='lat' dir='ltr'>merendum,</span> <span class='ocrx_word' id='word_1_269' title='bbox 590 3339 621 3383; x_wconf 89' lang='lat' dir='ltr'>et</span> <span class='ocrx_word' id='word_1_270' title='bbox 639 3303 768 3385; x_wconf 82' lang='lat' dir='ltr'>liberum</span> <span class='ocrx_word' id='word_1_271' title='bbox 786 3326 944 3384; x_wconf 84' lang='lat' dir='ltr'>arbitrium</span> <span class='ocrx_word' id='word_1_272' title='bbox 963 3335 1047 3386; x_wconf 88' lang='lat' dir='ltr'>tanto</span> <span class='ocrx_word' id='word_1_273' title='bbox 1067 3325 1157 3384; x_wconf 82' lang='lat' dir='ltr'>citius</span> <span class='ocrx_word' id='word_1_274' title='bbox 1251 3329 1254 3337; x_wconf 89' lang='grc'><strong>“</strong></span> 
     </span>
     <span class='ocr_line' id='line_1_33' title="bbox 102 3419 1158 3502; baseline -0.009 -18"><span class='ocrx_word' id='word_1_275' title='bbox 102 3429 285 3502; x_wconf 85' lang='lat' dir='ltr'>propinquat</span> <span class='ocrx_word' id='word_1_276' title='bbox 303 3427 468 3499; x_wconf 79' lang='lat' dir='ltr'>iniquitati,</span> <span class='ocrx_word' id='word_1_277' title='bbox 496 3425 526 3480; x_wconf 92' lang='lat' dir='ltr'>id</span> <span class='ocrx_word' id='word_1_278' title='bbox 546 3432 611 3491; x_wconf 75' lang='lat' dir='ltr'>est,</span> <span class='ocrx_word' id='word_1_279' title='bbox 639 3440 701 3480; x_wconf 85' lang='lat' dir='ltr'>noo</span> <span class='ocrx_word' id='word_1_280' title='bbox 719 3421 895 3490; x_wconf 88' lang='lat' dir='ltr'>meritorio,</span> <span class='ocrx_word' id='word_1_281' title='bbox 916 3431 1028 3492; x_wconf 84' lang='lat' dir='ltr'>quanto</span> <span class='ocrx_word' id='word_1_282' title='bbox 1047 3419 1158 3476; x_wconf 81' lang='lat' dir='ltr'>lortius</span> 
     </span>
     <span class='ocr_line' id='line_1_34' title="bbox 102 3513 1158 3588; baseline -0.009 -8"><span class='ocrx_word' id='word_1_283' title='bbox 102 3521 266 3580; x_wconf 78' lang='lat' dir='ltr'>intenderit</span> <span class='ocrx_word' id='word_1_284' title='bbox 293 3521 415 3579; x_wconf 82' lang='lat' dir='ltr'>actioni.</span> <span class='ocrx_word' id='word_1_285' title='bbox 450 3517 545 3586; x_wconf 69' lang='lat' dir='ltr'>illisi,</span> <span class='ocrx_word' id='word_1_286' title='bbox 579 3517 721 3588; x_wconf 85' lang='lat' dir='ltr'>inquam,</span> <span class='ocrx_word' id='word_1_287' title='bbox 754 3517 796 3576; x_wconf 79' lang='lat' dir='ltr'>ite</span> <span class='ocrx_word' id='word_1_288' title='bbox 822 3513 952 3586; x_wconf 78' lang='lat' dir='ltr'>accipias</span> <span class='ocrx_word' id='word_1_289' title='bbox 980 3523 1158 3587; x_wconf 75' lang='lat' dir='ltr'>peccatum,</span> 
     </span>
    </p>
   </div>
   <div class='ocr_carea' id='block_1_4' title="bbox 99 3831 891 4138">
    <p class='ocr_par' dir='ltr' id='par_1_6' title="bbox 99 3831 891 4138">
     <span class='ocr_line' id='line_1_35' title="bbox 159 3831 426 3892; baseline -0.007 -10"><span class='ocrx_word' id='word_1_290' title='bbox 159 3841 188 3889; x_wconf 82' lang='lat' dir='ltr'>el</span> <span class='ocrx_word' id='word_1_291' title='bbox 217 3836 244 3882; x_wconf 78' lang='grc' dir='ltr'>Δ.</span> <span class='ocrx_word' id='word_1_292' title='bbox 258 3831 326 3887; x_wconf 56' lang='lat' dir='ltr'>lull&amp;</span> <span class='ocrx_word' id='word_1_293' title='bbox 342 3831 426 3892; x_wconf 70' lang='lat' dir='ltr'>eratin.</span> 
     </span>
     <span class='ocr_line' id='line_1_36' title="bbox 157 3911 331 3969; baseline -0.069 1"><span class='ocrx_word' id='word_1_294' title='bbox 157 3911 184 3969; x_wconf 83' lang='lat' dir='ltr'>f)</span> <span class='ocrx_word' id='word_1_295' title='bbox 212 3917 240 3961; x_wconf 86' lang='lat' dir='ltr'>tt.</span> <span class='ocrx_word' id='word_1_296' title='bbox 256 3915 284 3964; x_wconf 85' lang='lat'>÷</span> <span class='ocrx_word' id='word_1_297' title='bbox 298 3921 331 3960; x_wconf 85' lang='lat' dir='ltr'>et.</span> 
     </span>
     <span class='ocr_line' id='line_1_37' title="bbox 129 3989 541 4050; baseline -0.034 1"><span class='ocrx_word' id='word_1_298' title='bbox 129 4013 137 4026; x_wconf 71' lang='lat'><strong><em>‘</em></strong></span> <span class='ocrx_word' id='word_1_299' title='bbox 153 3999 187 4050; x_wconf 64' lang='grc' dir='ltr'>ὅ)</span> <span class='ocrx_word' id='word_1_300' title='bbox 215 3989 419 4044; x_wconf 62' lang='lat' dir='ltr'>{ualetudini</span> <span class='ocrx_word' id='word_1_301' title='bbox 435 3990 541 4039; x_wconf 78' lang='lat' dir='ltr'>arbitrii.</span> 
     </span>
     <span class='ocr_line' id='line_1_38' title="bbox 99 4057 891 4138; baseline -0.015 -16"><span class='ocrx_word' id='word_1_302' title='bbox 99 4119 102 4122; x_wconf 88' lang='lat'>.</span> <span class='ocrx_word' id='word_1_303' title='bbox 157 4073 192 4124; x_wconf 88' lang='lat' dir='ltr'>it)</span> <span class='ocrx_word' id='word_1_304' title='bbox 221 4071 246 4120; x_wconf 67' lang='lat'>2·</span> <span class='ocrx_word' id='word_1_305' title='bbox 260 4069 351 4124; x_wconf 60' lang='lat' dir='ltr'>ldtlltt</span> <span class='ocrx_word' id='word_1_306' title='bbox 368 4069 478 4124; x_wconf 79' lang='lat' dir='ltr'>l&#39;a&#39;lltblltb</span> <span class='ocrx_word' id='word_1_307' title='bbox 493 4070 549 4118; x_wconf 76' lang='lat' dir='ltr'>tlrrt</span> <span class='ocrx_word' id='word_1_308' title='bbox 569 4069 613 4121; x_wconf 78' lang='lat' dir='ltr'>lter</span> <span class='ocrx_word' id='word_1_309' title='bbox 628 4068 688 4138; x_wconf 78' lang='lat' dir='ltr'>dura</span> <span class='ocrx_word' id='word_1_310' title='bbox 702 4057 891 4126; x_wconf 71' lang='lat' dir='ltr'>propositioaeti</span> 
     </span>
    </p>
   </div>
   <div class='ocr_carea' id='block_1_5' title="bbox 640 4265 649 4308">
    <p class='ocr_par' dir='ltr' id='par_1_7' title="bbox 640 4265 649 4308">
     <span class='ocr_line' id='line_1_39' title="bbox 640 4265 649 4308; baseline 0 0"><span class='ocrx_word' id='word_1_311' title='bbox 640 4265 649 4308; x_wconf 87' lang='grc' dir='ltr'><em>Ι</em></span> 
     </span>
    </p>
   </div>
   <div class='ocr_carea' id='block_1_6' title="bbox 0 0 1367 4556">
    <p class='ocr_par' dir='ltr' id='par_1_8' title="bbox 0 0 1367 4556">
     <span class='ocr_line' id='line_1_40' title="bbox 0 0 1367 4556; baseline 0 0"><span class='ocrx_word' id='word_1_312' title='bbox 0 0 1367 4556; x_wconf 95' lang='lat' dir='ltr'> </span> 
     </span>
    </p>
   </div>
  </div>
 </body>
</html>
