2714 4556
562 321 651 399 1517.
680 309 682 317 ¹
858 317 863 346 ⁴
1000 377 1005 386 ,
1087 337 1130 408 73

73 495 240 554 delectati:
258 496 299 550 ita
315 493 445 556 ouiieern
458 493 488 550 in
502 492 597 549 ritero
611 489 745 547 colamus
757 497 899 564 tanquam
910 494 1028 564 vitium,
1047 500 1130 570 quod
1213 471 1218 480 ’

72 591 102 648 in
133 591 233 647 nobie
257 589 391 646 muretus
410 599 476 658 est,
504 597 634 650 strumen
654 587 796 660 glutimus
820 599 962 663 tanquam
982 607 1130 650 summum

74 687 239 743 virtutem.

141 781 255 852 ltaque
282 779 377 845 scius,
400 793 450 834 me
471 795 525 836 ecs
546 769 884 840 Momorum'temures
901 777 974 835 nihii
990 779 1131 854 majoris,

74 889 166 944 qnam
183 874 321 930 lemures
341 873 392 940 (et
411 875 559 942 sjnamodi
587 875 707 948 quidem
730 877 823 941 snut)
842 875 961 930 iaceret
980 891 1037 930 neo
1060 877 1133 932 volo

74 967 196 1024 moveri
206 1007 219 1038 ,
239 969 311 1040 quid
329 967 386 1023 iilis
407 969 606 1025 videaturaut
622 985 683 1024 non
701 967 848 1026 videatur.
889 968 940 1026 De
951 969 1133 1025 temeritate
1161 952 1164 958 ’

77 1077 156 1130 ntea,
174 1063 228 1118 vel
247 1063 413 1130 modestia,
430 1064 531 1119 sciens
543 1063 755 1128 certissimum,
775 1063 857 1136 qnod
866 1104 877 1134 ‚
895 1063 1137 1120 sise'modestus

81 1157 166 1212 iusto
174 1196 187 1227 ‚
207 1159 323 1214 veritus
336 1173 402 1218 mea
415 1159 563 1214 modestia
578 1175 638 1214 noa
652 1159 704 1215 iiet
719 1159 850 1228 dignior,
868 1158 933 1213 nive
948 1159 1136 1228 temerarius,

80 1267 141 1306 non
169 1251 226 1308 tiet
254 1251 403 1322 indignior
417 1261 493 1307 'men
516 1251 693 1310 temeritate.
741 1251 897 1308 [decium
925 1251 1015 1323 cupio
1041 1234 1135 1308 ex'te

81 1347 202 1418 tuisque
225 1345 378 1414 theologis
400 1361 489 1418 quam
508 1349 642 1404 maximo
670 1356 766 1416 soto,
792 1347 886 1404 tacito
910 1346 1029 1402 interint
1051 1355 1138 1404 auto.

83 1440 124 1495 ris
144 1441 240 1512 vitio,
263 1441 301 1496 de
329 1441 402 1514 ipsis
419 1442 599 1502 editionibus
621 1443 696 1499 meis
718 1442 766 1498 sei
789 1441 1038 1500 conclusionibus
1061 1441 1135 1513 quid

85 1536 235 1605 sennam,
256 1536 442 1606 intelligere:
466 1537 527 1594 imo
551 1538 648 1604 multo
666 1537 760 1608 magis
781 1537 896 1592 erroris
914 1535 1006 1606 vitia,
1030 1535 1055 1592 si
1077 1550 1136 1606 qun
1168 1555 1172 1565 -

88 1628 120 1683 in
138 1629 195 1685 illia
212 1638 298 1699 sunt,
316 1629 389 1686 mihi
410 1631 577 1700 significari.
614 1631 692 1708 Quis
714 1631 793 1696 enim
812 1631 949 1700 ignorat,
978 1629 1051 1700 quin
1071 1627 1138 1685 sins

89 1721 243 1794 superbia.
276 1733 328 1779 aut
358 1724 464 1783 saltem
481 1705 550 1780 'sine
576 1727 678 1797 npecic
704 1721 853 1796 superbias
878 1734 909 1780 et
934 1723 1138 1780 contentionis

90 1817 258 1887 suspicione
278 1817 376 1890 possit
394 1818 556 1890 quicquam
576 1820 647 1874 novi
667 1819 814 1892 produci?
833 1817 924 1887 Finge
943 1818 1022 1873 anim
1043 1817 1139 1889 ipsam
1214 1883 1216 1888 Ι

89 1893 285 1968 humilitatem
306 1928 387 1968 nova
410 1914 537 1982 conari,
556 1914 658 1969 statim
682 1912 841 1984 superbiae
861 1908 937 1968 vitio
962 1909 1141 1980 subjicietur

93 2004 198 2074 abiis,
215 2008 266 2078 qui
284 2007 370 2064 aliter
387 2007 517 2078 sepiunt.
544 1995 615 2062 'Cur
633 2007 712 2062 enim
733 2006 875 2062 Christus
891 2013 923 2058 ct
942 2018 1047 2058 omncs
1060 2017 1142 2057 mar.

95 2107 175 2168 tyrse
193 2101 287 2156 occisi
305 2103 395 2157 sant?
414 2117 470 2156 cur
486 2101 630 2156 doctores
646 2099 726 2170 passi
748 2095 910 2158 invidiam?
934 2095 990 2152 nisi
1006 2095 1138 2159 scilicet.

96 2194 165 2264 qnia
183 2193 301 2266 superbi
322 2201 351 2250 ct
363 2201 571 2252 contemtores
587 2194 699 2250 veteris
719 2199 749 2248 ct
768 2191 884 2259 inclyto
907 2187 1059 2262 sapientise
1083 2206 1138 2252 seu
1182 2236 1184 2258 ,

98 2288 263 2360 prudentio
282 2289 439 2347 visisunt:
471 2299 523 2346 aut
544 2284 902 2376 quentatisporasius
924 2283 1143 2342 concitioitto.
1200 2301 1207 2316 ·
1263 2313 1265 2320 ·

102 2383 360 2452 rumprntuterint
370 2424 381 2452 ,
400 2386 451 2456 qui
471 2391 575 2445 vetera
593 2381 762 2455 sapiebant.

166 2475 237 2532 Non
253 2478 350 2550 itaque
366 2481 451 2548 volo,
467 2495 533 2534 eam
553 2493 592 2535 ex
610 2455 659 2536 {nc
681 2485 845 2554 expectent
864 2473 1066 2540 bumilitatem
1089 2469 1105 2541 (
1111 2473 1142 2532 id

97 2577 157 2639 ast,
183 2570 391 2642 hypocrisin),
416 2582 450 2628 nt
468 2571 552 2647 prius
577 2589 684 2630 corum
708 2573 840 2634 concilio
869 2571 1046 2636 eudeereto
1068 2569 1142 2626 mibi

98 2665 236 2721 utendum
255 2683 321 2724 esse
343 2669 485 2740 credant,
511 2683 601 2740 quam
621 2669 729 2740 edam:¹
750 2668 824 2724 noio
842 2668 925 2740 qnod
942 2665 1075 2724 hominis
1100 2663 1144 2718 in.

100 2759 205 2816 dustria
231 2771 283 2818 aut
309 2765 460 2832 consilio,
492 2765 546 2820 sed
575 2763 635 2820 Dei
660 2763 727 2830 fiat.
753 2761 837 2833 quod
870 2760 960 2818 facio.
1005 2759 1034 2821 st
1064 2756 1144 2818 enirn

98 2853 184 2912 inerit
203 2875 281 2930 opus
299 2875 339 2914 ex
358 2859 447 2926 Deo,
466 2857 533 2931 quis
553 2855 747 2929 prohibebit?
765 2855 793 2910 st
813 2869 875 2910 non
893 2852 984 2908 tuerit
1005 2865 1045 2906 ex
1061 2849 1145 2940 Deo,

99 2951 160 3021 quis
181 2951 397 3023 promovebit?
422 2952 473 3008 fiet
492 2969 555 3008 nou
580 2969 664 3020 mes,
688 2965 747 3008 nec
773 2947 913 3014 illorum,
940 2961 998 3000 neo
1025 2953 1143 3010 nostru,

98 3045 145 3099 sed
161 3047 303 3102 voluntas
323 3056 374 3102 tun
385 3087 395 3116 ,
415 3047 509 3102 Pater
528 3055 651 3115 sancte,
672 3045 722 3116 qui
744 3059 777 3100 es
795 3043 826 3100 iu
846 3041 949 3109 coeiis,
968 3038 1088 3096 Amen:

158 3139 276 3198 Uttirno
302 3157 422 3199 memor
447 3151 531 3206 esto.
558 3153 593 3198 ut
614 3140 732 3198 solicite
755 3152 812 3209 pro
837 3149 887 3196 ms
906 3147 995 3202 ores,
1018 3130 1098 3187 sicut
1115 3136 1146 3190 et

98 3251 148 3304 ego
163 3252 222 3306 pro
243 3245 294 3312 te,
311 3247 346 3294 nt
361 3237 514 3293 Dominus
537 3244 642 3292 noster
660 3233 753 3290 Jesus
776 3229 896 3301 adjuvet
917 3235 948 3283 et
966 3233 1070 3299 portet
1091 3239 1148 3278 no.

97 3327 210 3386 hiscum
235 3341 357 3388 nostras
385 3331 584 3397 tentationes,
615 3327 698 3384 omni
716 3325 831 3388 hctniui
851 3321 1020 3391 incognitas
1038 3327 1157 3392 praeter'
1253 3393 1256 3400 Ι

55 3463 63 3484 .
97 3437 156 3480 uos.
196 3423 291 3480 uate.
332 3425 383 3482 Ex
406 3425 631 3492 Wittsmberg,
669 3431 777 3478 nostro
801 3415 1010 3484 monasterio,
1040 3413 1088 3470 die
1117 3411 1148 3488 β.
1173 3415 1183 3424 ’

96 3513 218 3576 Martini
233 3518 399 3592 Episcopi,
419 3535 497 3576 anuo
517 3515 688 3574 Mvati.

211 3609 248 3677 F·
262 3613 417 3672 Martinus
438 3611 651 3682 monsterius,
670 3613 731 3668 imo
750 3609 838 3668 dulos
856 3613 887 3662 st
904 3603 1041 3678 captivus
1058 3600 1149 3660 nimie

782 3705 911 3772 August.
929 3697 1147 3766 Wittemberg.

160 3819 468 3896 Aeuiempianmt)
483 3819 636 3894 spudnos
649 3813 811 3886 profitetur
831 3814 933 3868 literas
952 3806 1149 3874 humanitatis

98 3911 218 3984 publico
238 3923 270 3970 et
290 3915 389 3972 duculi
406 3915 525 3972 salario·
847 3912 851 3920 '

149 4081 180 4126 a>
209 4073 316 4124 terit.
335 4073 421 4146 itiitbt
442 4066 679 4172 snattepmpunus,
707 4061 930 4120 cremassent
952 4057 1123 4122 Qummritii·
1194 4153 1200 4168 ἱ
1264 4070 1268 4080 “
