2686 4560
550 271 640 349 1520.
1039 264 1040 267 ‘
1070 287 1138 354 sar

58 445 155 500 enirn
176 443 308 500 dubitari
328 444 373 498 lor
390 449 454 512 eet,
472 457 489 496 a
507 441 643 499 Domino
660 455 708 496 me
727 441 849 507 vocari.
869 431 894 498 ai
913 440 1013 500 Cesar
1028 456 1129 504 vocat.
1175 515 1182 528 „
1239 435 1242 440 ’

58 540 223 596 Porro'ai
243 540 272 595 ri
292 555 357 596 rem
376 535 542 608 gesserint,
564 537 642 592 sieut
666 531 829 591 uerisimile
847 546 893 592 eet
911 539 1034 610 (neque
1052 542 1132 596 enim
1260 608 1263 623 ι

61 642 103 690 ut
124 635 235 691 doceri
255 633 444 703 velintsme
473 633 646 688 vocandum
669 631 797 698 curant)
819 631 1131 690 Dominocommen.
1190 653 1194 662 “

15 775 16 778 ,
61 728 173 783 danda
191 737 238 784 eat
255 743 352 784 causa.
387 727 472 799 Idem
492 727 572 782 enim
588 725 662 780 vivit
678 733 709 780 et
728 733 851 794 regnat,
870 727 920 798 qul
939 737 1002 784 tres
1017 713 1131 800 pueros

63 823 100 878 in
114 823 246 878 fornace
270 823 349 892 regie
373 821 534 892 Babylonis
557 819 701 876 servavit.
738 817 831 894 Quod
852 819 876 876 si
894 835 1017 878 serrare
1036 823 1130 894 nolit,

62 932 168 982 parva
193 931 245 972 res
263 925 309 972 eet
330 925 420 988 capnt
437 931 559 984 meum,
577 914 601 971 ei
620 913 657 969 ad
674 913 830 969 Christum
846 923 1056 988 comparetur,
1080 917 1131 988 qui

66 1025 197 1066 summa
211 1011 374 1080 ignominia
392 1019 423 1067 et
444 1011 578 1068 omnium
592 1008 737 1066 scandalo
754 1009 1130 1084 multorumque·pernicie

65 1105 199 1164 occisus
219 1115 276 1163 est.
312 1105 393 1164 Nam
408 1103 793 1170 hicnnlliusdiecriminis‚
811 1104 1141 1178 nullinesalntiaratioa
1188 1125 1192 1146 =

64 1199 214 1255 habenda
232 1207 295 1257 est:
316 1199 483 1258 curandum
498 1199 600 1272 potius
615 1177 738 1265 coatia,
757 1213 796 1254 ne
809 1197 1026 1269 mangonum,
1047 1200 1130 1272 quod

65 1293 170 1350 semel
194 1295 362 1364 ecepimus,
377 1295 408 1350 in
426 1293 557 1358 ludibrio
575 1291 737 1364 impiorum
755 1293 976 1367 relinquamus,
994 1309 1133 1350 causam.
1207 1344 1210 1358 ‚

69 1403 134 1459 que
151 1389 259 1444 demna
275 1383 454 1445 adiersatiis
469 1388 614 1458 gloriandi
629 1388 790 1443 adversum
802 1404 875 1458 nos,
891 1389 977 1462 quod
991 1387 1129 1444 confiteri
1176 1368 1179 1380 ¹
1224 1435 1230 1444 .

67 1497 137 1537 non
159 1467 339 1549 audeamus,
357 1496 422 1556 quae
442 1483 620 1549 docuimus,
638 1489 669 1536 et
683 1483 856 1550 sanguinem
873 1501 930 1552 pro
949 1499 986 1538 eo
1001 1483 1129 1538 fundere

66 1584 269 1642 metuamus,
296 1591 386 1648 quam
409 1585 544 1632 nostram
567 1577 737 1645 ignaviam,
761 1585 791 1630 et
811 1575 933 1632 illorum
955 1577 1128 1648 jactantiam

69 1667 219 1727 Christus
236 1669 410 1725 misericors
429 1679 560 1738 evertat,
584 1670 692 1726 Amen.
865 1730 867 1740 ¹

89 1825 93 1831 ¹
136 1763 275 1832 Proinde
293 1764 349 1819 etsi
368 1763 408 1820 ita
425 1763 489 1820 lieri
508 1771 669 1836 oporteat,
687 1769 722 1816 ut
740 1776 826 1830 reges
846 1771 936 1818 terrae
960 1773 991 1819 et
1015 1763 1127 1834 princi.

68 1865 125 1931 ‘pea
143 1858 325 1912 conveniant
344 1858 374 1910 in
392 1871 499 1924 unum,
518 1865 549 1910 et
565 1853 788 1924 corrigentibus
807 1864 838 1910 et
856 1857 976 1928 populis
996 1857 1127 1914 fremant

70 1929 216 2008 adversus
229 1951 398 2006 Dominum
414 1959 444 2005 et
463 1949 609 2004 adversus
626 1947 785 2004 Christum
800 1950 881 2020 ejus:
901 1959 1001 2006 tamen
1017 1950 1127 2007 eodem

70 2045 194 2108 Psalmo
221 2045 313 2102 docet
336 2044 485 2115 Spiritua',
514 2043 620 2098 beatos
646 2043 735 2110 lore,
766 2044 818 2116 qui
846 2044 1001 2100 confidunt
1024 2045 1055 2100 in
1076 2062 1127 2102 eo.

72 2137 143 2196 Nec
160 2139 259 2196 solum
278 2139 362 2208 hoc,
382 2151 490 2194 verum
505 2146 536 2192 et
554 2135 692 2194 irridebit
710 2137 866 2199 Dominus
884 2147 916 2194 et
933 2137 1129 2196 subsannabit

73 2233 152 2290 illos.
184 2231 338 2290 Nostrum
367 2241 452 2290 certe
475 2230 599 2288 delinire
626 2247 690 2289 noo
716 2237 787 2300 est,
818 2247 859 2287 ex
891 2231 991 2290 vitane
1018 2249 1054 2288 sn
1085 2248 1126 2290 ex

72 2333 174 2383 morte
190 2341 258 2384 mea
274 2327 342 2400 plns
358 2327 496 2384 minusve
520 2325 647 2399 periculi
671 2325 711 2382 sit
736 2335 878 2384 ortorum
901 2325 1066 2402 Evangelio
1095 2333 1127 2382 et
1205 2352 1214 2402 ².

74 2421 199 2494 publicae
224 2422 324 2481 saluti.
360 2423 443 2490 Scir,
469 2422 551 2494 quod
578 2420 690 2492 veritas
715 2420 776 2477 Dei
799 2417 886 2494 petra
909 2423 1040 2480 scandali
1066 2430 1126 2489 est,

48 2558 51 2566 ,
75 2517 170 2588 posita
189 2517 218 2572 in
235 2516 353 2598 ruinam
372 2526 403 2572 et
420 2516 676 2572 resurrectionem
694 2516 911 2581 multorumin
929 2517 1033 2574 Israel.

140 2608 261 2666 Nostrae
283 2621 385 2666 autern
406 2627 487 2665 nunc
509 2625 590 2666 curae
615 2611 646 2666 id
673 2612 797 2666 unicum
823 2619 870 2665 eat
899 2611 1031 2665 officium
1056 2609 1126 2668 reli.

77 2719 187 2775 quum,
210 2713 245 2759 ut
268 2718 391 2761 oremus
412 2704 610 2772 Dominum‚·
626 2721 663 2758 ne
690 2705 791 2759 Caroli
817 2704 978 2774 imperium
1001 2704 1032 2760 in
1054 2719 1125 2762 meo

75 2801 129 2851 but
144 2795 253 2852 ullius*
261 2797 275 2864 >
301 2798 467 2868 sanguine,
486 2816 542 2870 pro
563 2797 716 2870 impietate
735 2797 864 2864 tuenda,
889 2797 1000 2870 primas
1017 2814 1125 2870 operae
1173 2795 1177 2802 ’
1274 2800 1281 2808 “

79 2899 230 2946 cruentat=
251 2891 431 2963 mallemque
449 2908 499 2946 me
513 2893 617 2964 (qood
637 2873 747 2962 saepiu}
765 2889 850 2957 dixi)
870 2889 900 2946 in
922 2891 995 2949 solia
1012 2891 1128 2949 Rome.

80 2985 220 3040 nistarum
242 2985 378 3042 manibus
397 2987 519 3058 perire,
546 3003 585 3041 ne
608 2987 658 3043 ille
680 3003 749 3042 curn
774 2985 837 3042 suia
859 2986 890 3040 in
907 2985 987 3041 banc
1003 3002 1126 3044 cauum

81 3081 293 3138 involveretur.
334 3081 415 3149 Scis,
442 3097 507 3150 quae
528 3081 650 3137 miseria
665 3079 887 3152 Sigismundum
907 3079 1128 3153 Imperatorem

81 3182 145 3245 post
163 3175 297 3234 occisum
314 3175 395 3232 Huss
414 3183 579 3232 consecuta
600 3176 657 3236 sit,
674 3184 709 3230 ut
728 3173 802 3230 nihil
821 3163 928 3230 deinde
945 3189 1127 3246 prosperum

81 3268 230 3333 habuerit,
257 3270 320 3326 sine
341 3269 429 3342 prole
452 3267 580 3340 obierit,
599 3279 631 3326 et
651 3268 728 3325 filine
751 3253 841 3325 etiarn
863 3267 928 3324 liliae
947 3277 1052 3340 portae
1069 3257 1128 3325 La.

84 3365 184 3421 dislaua
210 3363 361 3436 perierit,
387 3374 418 3420 et
444 3365 474 3420 in
500 3365 693 3434 generatione
716 3379 775 3420 una
796 3364 928 3420 deletum
951 3364 991 3420 ait
1015 3381 1127 3422 nornen

84 3459 159 3531 ejus,
175 3475 257 3516 uxor
273 3475 347 3517 vero
364 3459 497 3517 Barbare
516 3461 636 3516 infamia
653 3459 825 3530 reginarum
842 3456 973 3514 evaserit
983 3497 992 3527 ,
1011 3465 1043 3513 er
1060 3458 1128 3527 alia,

86 3571 145 3626 quo
166 3564 196 3610 re
220 3569 312 3610 nosse
335 3556 441 3612 credo.
476 3555 506 3611 Si
530 3564 631 3636 tamen
655 3555 696 3612 ita
716 3551 780 3608 lieri
806 3558 947 3624 oportet,
968 3561 1003 3608 ut
1021 3560 1053 3607 et
1071 3567 1128 3622 ego
1169 3543 1185 3588 l

85 3666 141 3706 non
156 3650 248 3706 modo
265 3647 459 3720 pontificibus
469 3689 480 3722 ,
497 3651 551 3707 sed
570 3655 601 3706 et
618 3647 757 3719 gentibus
776 3646 899 3706 tradere
918 3631 1129 3705 fiat'volunrae

88 3745 221 3812 Domini5
241 3746 351 3801 Amen.

139 4037 166 4084 Ἰ)
194 4033 297 4080 neris.
315 4035 391 4081 illine.
