2760 4556
174 413 179 452 i

231 299 290 370 ιιι
709 297 799 364 ene.

597 507 599 512 .
703 454 809 513 desua.
874 495 880 504 .

230 723 291 786 Dei
314 719 424 788 gratia,
442 717 547 774 nescio
570 732 660 788 quam
684 717 735 771 diu
753 724 930 771 mansurust
949 723 1018 767 nam
1038 728 1128 769 causa
1148 728 1218 768 mea
1240 713 1285 771 sic

229 815 340 880 habet,
359 823 392 867 ut
412 825 442 895 et
458 811 579 868 timeam
600 821 631 868 et
649 827 779 884 sperem·
815 807 972 881 Appellevi
992 823 1009 861 a
1028 820 1149 864 summo
1173 807 1283 874 Ponti,

191 590 194 598 .
229 590 381 682 Salutem.
418 621 492 677 Veni
513 620 625 688 hodie,
650 619 692 676 'rni
710 619 886 696 Spalatiue,¹
901 614 1286 690 Wittembergamaanus,
1359 601 1360 624 J

229 907 286 966 fiee
307 907 384 963 male
407 895 571 962 in‘iormato
594 907 629 962 ad
647 907 775 962 eundem
790 904 899 958 melius
916 901 1157 972 informandum,
1186 903 1286 958 etsie

231 1001 312 1072 abii,
338 1001 447 1056 relicto
477 1001 593 1071 fratre,
619 1002 670 1073 qui
693 999 920 1074 appellationem
944 996 1108 1054 insinuaret
1134 995 1286 1052 cardinali
1359 1041 1360 1056 J

217 1113 301 1178 ¹curn
323 1096 444 1153 notario
465 1105 496 1152 et
515 1095 653 1152 testibus.
694 1095 819 1151 Interim
830 1093 894 1185 'hie
917 1090 1034 1163 positus
1059 1091 1145 1148 aliam
1170 1091 1285 1164 parabo
1359 1115 1360 1178 }

228 1187 458 1264 appeliationem
481 1189 518 1248 ad
534 1191 671 1246 futurum
692 1190 878 1256 concilium,
905 1186 1079 1243 adhaesurus
1103 1185 1284 1244 Parisiensi.
1359 1165 1360 1232 ι

113 1275 117 1296 ‘
229 1283 288 1341 bus
316 1285 345 1340 iu
371 1295 528 1350 eventum.
556 1301 617 1360 quo
639 1285 719 1341 hanc
739 1271 1123 1358 priorem'eppellationem
1136 1281 1174 1336 de
1191 1279 1288 1355 pleni.

229 1380 333 1436 tudine
351 1378 509 1452 potestatis
528 1379 589 1436 imo
607 1379 770 1450 tyrannidis
786 1379 933 1434 refutaret
952 1375 1046 1447 Papa.
1086 1371 1159 1430 Sum
1179 1361 1287 1448 plenus
1359 1379 1360 1446 i

225 1474 338 1542 gaudio
358 1484 389 1528 et
404 1490 496 1546 pace,
514 1473 555 1528 ita
573 1482 607 1530 ut
626 1474 722 1530 mirer
740 1473 820 1528 hauc
839 1462 939 1527 ineam
956 1469 1154 1528 tentationem
1174 1469 1285 1542 aliquid

229 1569 329 1638 magni
347 1567 442 1624 videri
455 1567 564 1624 multis
583 1575 614 1622 et
631 1569 745 1639 magnis
763 1566 871 1634 viris(
1222 1574 1224 1578 ·

298 1655 514 1718 Βειιιιοιοιιιὶιι
531 1671 562 1718 et
582 1661 742 1719 clementie
759 1664 789 1720 in
806 1659 874 1732 me',
893 1677 983 1735 quam
999 1660 1131 1732 Legatua
1148 1659 1192 1718 D.
1212 1660 1286 1717 Car.

230 1752 336 1810 dinalis
359 1757 498 1826 promisit
511 1755 646 1828 Principi
670 1766 778 1832 nostro
797 1756 1001 1814 illustrissimo
1017 1767 1096 1825 etc,
1118 1769 1202 1812 certe
1224 1755 1289 1810 exi.

230 2045 263 2090 et
285 2037 350 2096 siue
368 2035 461 2096 dubio
478 2039 625 2104 fecisset.
644 2039 670 2097 si
692 2055 839 2098 revocare
861 2041 1007 2097 duntaxat
1023 2055 1091 2094 inea
1108 2033 1285 2095 volnissent.

152 1877 157 1886 ·
228 1849 291 1906 mia
308 1850 411 1910 initet
427 1851 552 1924 copiose
572 1851 707 1908 exhibita
721 1863 730 1908 t
746 1852 873 1910 aeduos
889 1867 952 1906 non
968 1849 1057 1924 t'alern
1073 1849 1287 1906 intelleximus.
1359 1853 1360 1902 i

206 1939 300 2014 =1pse
322 1943 402 2000 enim
427 1946 527 2006 omnia
548 1955 690 2018 paterna,
716 1945 788 2016 quin
814 1945 1023 2024 paternissime
1048 1943 1287 2001 obtulit·iacere

224 2129 311 2189 Nam
330 2132 361 2187 in
380 2133 443 2189 hoc
460 2133 542 2190 nodo
561 2134 649 2192 hesit
663 2143 729 2192 tota
745 2153 850 2193 cause:
869 2137 950 2208 quod
967 2134 1036 2207 quia
1054 2133 1158 2201 nolui,
1177 2143 1210 2188 et
1223 2133 1286 2204 ipse
1359 2111 1360 2190 J

231 2225 355 2279 omnino
375 2227 470 2281 voluit
489 2223 567 2294 (nec
588 2229 682 2285 eredo
701 2247 768 2285 eum
787 2230 865 2285 aliud
885 2244 975 2302 quum
991 2227 1149 2284 damnandi
1164 2226 1288 2281 tnanda.
1359 2237 1360 2280 2

229 2324 296 2371 tuin
309 2303 474 2387 habuisse)
494 2321 644 2393 appellare
666 2323 710 2378 sui
725 2331 862 2377 coactus.

298 2409 526 2482 Responsioues
545 2431 629 2472 meae
646 2417 683 2472 ad
700 2412 765 2485 ejus
783 2410 903 2485 objecta
920 2425 1066 2470 unacum
1084 2413 1286 2487 appellatione

196 2568 199 2579 J
229 2501 364 2576 curabo,
382 2513 416 2561 ut
438 2508 524 2563 edum
545 2508 576 2564 in
597 2510 721 2580 vulgus,
747 2509 864 2580 adjecto
883 2509 1061 2578 theologico
1082 2509 1214 2580 quodam
1236 2525 1287 2580 ap.

230 2608 336 2672 paratu
360 2601 569 2675 superiBreve
587 2603 809 2676 apostolicum,
834 2603 897 2660 imo
918 2601 1169 2672 diabolicum),
1197 2604 1286 2673 cujus

227 2701 265 2748 tu
280 2709 358 2766 saepe
379 2695 452 2752 mihi
472 2697 659 2754 mentionem
679 2699 795 2761 iecisti.
816 2707 847 2754 et
868 2714 964 2769 nuper
981 2695 1137 2769 exemplar
1157 2697 1289 2765 misisti,
1359 2687 1360 2766 J

232 2791 314 2861 quod
346 2789 420 2848 mihi
450 2789 587 2850 redeunti
614 2791 814 2863 Nurmbergae
838 2791 1001 2848 redditum
1021 2792 1096 2860 fuit,
1127 2808 1200 2848 cum
1223 2793 1288 2848 aliis
1359 2845 1360 2848 ,

230 2885 327 2943 literis
346 2885 561 2944 instructoriis.
595 2887 676 2944 Nem
697 2887 874 2944 incredibile
892 2895 959 2954 est,
985 2888 1044 2943 tale
1066 2885 1138 2960 quid
1155 2887 1288 2942 monstri
1359 2949 1360 2954 J

231 2995 249 3044 a
276 2994 395 3034 summo
418 2978 566 3036 Pontifice
588 2962 708 3052 egredi,
733 2983 902 3055 praesertim
919 2965 1022 3040 Leone
1042 2983 1173 3039 decimo.
1209 2983 1286 3039 Ideo
1359 2977 1360 3046 J

231 3073 368 3148 quisquis
397 3073 448 3129 ille
476 3075 568 3131 luerit
586 3077 716 3147 nebulo,
742 3078 792 3150 qui
817 3075 874 3134 sub
894 3077 1016 3133 uomina
1038 3077 1153 3140 Leonis
1173 3075 1286 3134 decimi
1359 3079 1360 3124 ἐ

230 3167 283 3224 tali
301 3183 351 3222 me
369 3178 485 3224 terrere
506 3171 666 3243 proposuit
685 3172 829 3243 decretu,
846 3171 1011 3241 intelliget,
1027 3187 1077 3228 ma
1097 3187 1189 3242 posse
1209 3187 1289 3243 quo-
1359 3165 1360 3210 ἕ

232 3453 442 3528 ignorantiam.
477 3479 478 3484 ¹

217 3251 293 3336 ”que
315 3281 407 3335 nugas
435 3265 622 3336 intelligere;
650 3275 702 3322 aut
719 3267 745 3324 si
763 3281 836 3323 vere
855 3266 946 3322 etiam
970 3281 987 3320 e
1009 3267 1093 3322 curia
1115 3267 1290 3336 emanavit,
1359 3263 1360 3274 ¹

209 3429 211 3434 ,
233 3357 353 3416 docebo
373 3375 426 3416 eos
444 3375 512 3417 sues
524 3361 799 3436 impudentissimas
816 3361 1005 3420 temeritates
1019 3367 1049 3416 et
1067 3352 1287 3432 iniquissimum
1359 3373 1360 3420 i

303 3548 372 3618 Ipse
391 3549 556 3608 Cardinalis
573 3549 705 3622 Legatos
722 3569 779 3624 pro
798 3565 929 3624 persona
946 3565 1000 3606 sua
1016 3549 1093 3607 mire
1113 3548 1245 3624 placete¹
1257 3511 1295 3605 et*

154 3643 157 3656 '
229 3651 378 3712 quantum
396 3643 555 3718 suspicor,
575 3647 721 3720 incipiunt
743 3647 852 3704 timere
874 3646 1023 3716 Rotnani,
1053 3655 1084 3702 et
1109 3645 1202 3703 rebus
1225 3645 1290 3702 suit

231 3751 339 3818 parum
373 3739 547 3810 confidere,
578 3741 647 3798 ideo
677 3742 758 3800 miro
792 3741 912 3813 iugenio
943 3757 1079 3817 querere
1113 3740 1286 3798 evasiones.

240 3869 766 3916 r-er-m-ss-——a-

286 3990 314 4039 *t
343 3989 397 4039 out
412 3989 529 4045 utttttur
543 3993 620 4044 ntor
634 4005 664 4044 uu
674 3997 716 4046 tet
726 3995 840 4046 tertiani
851 3973 952 4049 drittun
966 3995 984 4054 s.
997 3995 1052 4054 lea.
1065 3995 1087 4048 1.
1103 3994 1153 4052 tii.
1177 3989 1289 4052 ortutt

216 4067 338 4137 ,1911153
351 4067 423 4136 ittet
436 4069 476 4136 io
490 4070 537 4132 'tet
550 4073 653 4151 Postilla
666 4073 723 4132 litu
737 4075 809 4142 tuiti
825 4075 912 4136 nent.
