2760 4556
599 247 706 316 asts.¹
952 212 956 224 ’
1013 203 1018 216 ’
1111 251 1174 318 tas
1240 247 1243 254 ’

123 403 251 484 patrem
279 399 462 486 Martinam!
483 385 571 458 athit'
589 405 706 471 egisse,
737 401 793 456 nisi
825 397 1016 472 disputasse?
1044 404 1173 478 ideoque

57 533 60 540 ·
124 509 233 556 contra
267 513 335 553 etam
366 510 470 553 motos
494 497 584 552 luisse
611 497 675 567 ejus
703 496 917 566 adversarios,
955 499 1176 574 ipsumqucmet
1249 541 1253 548 .

123 593 411 650 reverendissimum
434 591 600 647 Dominum
628 591 774 660 Legatum
802 597 832 644 et
857 607 918 646 non
948 593 1003 648 nisi
1034 593 1176 654 insidiose
1242 629 1243 634 κ

123 687 307 743 calumniam
323 697 353 742 et
369 685 506 758 injuriam
524 687 550 740 ei
567 685 692 740 molitos
711 685 822 742 luisse?
839 685 919 740 Nam
937 701 1027 770 super
1045 688 1177 759 disputa.

23 854 27 862 μ
123 783 207 839 tione
230 781 288 836 fuit
310 780 443 848 citatus,
462 797 521 836 non
542 792 633 852 super
656 778 866 863 sermonibus:
900 795 991 852 super
1018 797 1175 840 sermones

123 877 221 946 enim,
251 887 412 949 postquam
435 877 532 930 luerat
557 877 685 946 citatus,
713 874 783 929 lacti
802 881 872 930 sunt
892 873 1050 935 certiores.
1086 873 1175 952 Qttos

124 987 182 1039 ego
204 970 323 1026 facilius
344 971 498 1025 defendam
515 968 605 1038 (Deo
621 967 775 1043 propitio)
795 984 884 1040 quam
905 967 983 1039 ipsas
998 967 1175 1042 disputatio.

123 1081 191 1120 nes.
225 1063 306 1120 Nam
329 1064 381 1118 hic
402 1064 494 1122 multa
514 1065 647 1120 dubitavi
669 1074 699 1119 et
717 1061 869 1132 ignoravi:
889 1059 950 1116 illic
969 1062 1089 1120 locutus
1108 1081 1175 1120 sum

125 1171 165 1212 cx
181 1167 266 1214 certa
282 1142 426 1228 scientia,
444 1167 474 1213 et
492 1176 552 1216 non
572 1177 611 1215 ex
629 1157 833 1230 opinionibus.

194 1253 288 1308 Nunc
305 1254 369 1310 hoc
389 1253 562 1322 videamus,
581 1254 661 1328 quud
682 1271 735 1322 ea,
755 1270 818 1326 quae
840 1251 870 1308 in
886 1249 1080 1308 sermonibus
1099 1251 1176 1322 dixi,

123 1347 235 1420 partim
252 1345 446 1415 damnabilia,
464 1349 571 1418 partim
586 1357 692 1403 contra
707 1347 875 1402 doctrinam
894 1345 1077 1418 Apostolicae
1091 1345 1176 1402 Sedis
1213 1369 1216 1386 ⁸

124 1439 256 1510 asserit,
287 1439 356 1512 quia
382 1439 500 1498 scilicet
518 1439 544 1496 ei
564 1441 642 1496 aliud
665 1449 711 1501 eat
722 1481 733 1512 ‚
757 1456 823 1498 csse
842 1439 1030 1510 damnabile,
1050 1447 1080 1495 et
1096 1441 1175 1496 aliud

124 1551 192 1590 csse
210 1542 319 1591 contra
336 1535 505 1593 doctrinam
522 1535 705 1608 Apostolicae
725 1536 822 1593 Sedis:
850 1535 931 1591 sorte
955 1535 1037 1607 quod
1057 1535 1178 1591 damna.

110 1625 195 1684 bilis
209 1645 270 1684 uon
287 1639 348 1698 est,
368 1630 419 1702 qui
433 1639 539 1685 contra
552 1629 723 1684 doctrinam
737 1629 820 1686 Sedis
836 1630 1019 1702 apostolicae
1030 1619 1177 1714 loquitur.

123 1721 231 1778 Aesis
249 1723 359 1780 iterum
378 1722 535 1792 absolvor,
555 1731 586 1778 et
599 1723 771 1794 justificor,
799 1722 896 1796 quiin
916 1725 978 1779 hoc
997 1725 1128 1781 maxime
1147 1733 1179 1782 et

123 1817 225 1872 solum
238 1827 398 1874 accusatus
413 1833 480 1872 sum
496 1827 525 1872 et
542 1818 670 1892 citatus,
689 1819 771 1892 quod
789 1829 895 1874 contra
916 1818 1085 1886 doctrinam
1094 1817 1178 1876 Sedis

123 1911 310 1981 Apostolicae
328 1913 437 1984 luerim
459 1893 647 1982 locutus,'id
666 1923 732 1982 est,
750 1930 812 1970 non
831 1911 1057 1981 damnabiliter,
1074 1919 1109 1967 ut
1126 1908 1178 1967 hic

122 2003 326 2074 distinguitur.
1090 2073 1095 2082 .

195 2095 295 2172 Quam
310 2099 435 2167 vellem,
454 2097 656 2156 illustrissime
675 2097 839 2174 Princeps,
857 2101 937 2156 hanc
959 2099 1119 2172 epistolam
1140 2097 1178 2160 ab

127 2192 230 2266 aliquo
250 2191 392 2250 Silvestre
418 2193 567 2250 Prieriatc
589 2195 682 2252 luisse
700 2195 859 2266 scriptam,
884 2203 919 2251 ut
937 2193 1077 2250 libertate
1090 2193 1179 2268 plena

130 2285 240 2356 ingenii
262 2303 324 2341 eam
342 2288 448 2344 liceret
472 2295 627 2346 excutere.
656 2271 877 2350 'ostenderem
897 2288 1059 2360 profecto,
1086 2303 1177 2360 quam

130 2378 249 2436 difficile
263 2381 314 2448 sit,
331 2381 439 2436 malam
459 2391 489 2436 et
508 2371 658 2438 sinistram
678 2382 894 2438 conscientiam
911 2381 1038 2438 dextera
1056 2383 1178 2456 operire

127 2475 248 2546 specie:
272 2485 301 2530 at
321 2494 400 2531 nunc
424 2477 592 2532 reverentia
614 2476 718 2550 optimi
743 2473 1000 2534 elliumanissimi
1020 2475 1078 2532 viri
1095 2469 1187 2546 coeit.

123 2565 181 2624 tue¹
191 2567 345 2639 bullientis¹
360 2571 462 2628 cordis
475 2571 532 2626 mei
546 2563 684 2644 premere
697 2580 785 2627 aestus
799 2589 893 2643 usque
910 2573 938 2627 in
952 2572 1030 2628 aliud
1048 2580 1178 2644 tempus.
1228 2601 1231 2606 ·

194 2663 249 2718 Sed
271 2661 333 2720 hoc
357 2665 416 2736 pati
442 2682 507 2720 non
528 2661 679 2738 possum,¹
702 2665 784 2737 quod
814 2681 853 2720 ex
885 2649 1122 2736 prudentissimo
1147 2673 1178 2720 et

125 2757 263 2812 acerrimi
273 2757 379 2828 judicii
399 2757 540 2830 Principe
555 2759 806 2838 nobis'qnendam
823 2759 923 2811 tacere
937 2757 1070 2816 Pilatum
1087 2772 1179 2811 cona.

121 2861 184 2911 tur.
218 2843 299 2906 Nam
318 2868 388 2908 cum
402 2851 499 2909 Juuai
520 2851 675 2908 Christum
695 2869 799 2910 coram
816 2851 916 2908 Pilato
936 2852 1125 2922 statuissent,
1148 2857 1180 2905 et

120 2945 300 3014 interrogati
320 2943 464 3016 luissent,
489 2963 581 3018 quam
605 2947 830 3004 accusationem
846 2946 1015 3014 afferrent,
1038 2952 1089 2999 ant
1107 2943 1179 3014 quid

120 3039 193 3093 mali
217 3039 341 3094 fecisset
363 3039 458 3096 horno
479 3041 548 3110 ille,
576 3042 736 3110 dixerunt,
755 3041 858 3096 sinon
879 3051 959 3096 esset
981 3037 1180 3106 malefactor,

120 3143 184 3188 non
218 3131 272 3188 tibi
308 3133 537 3192 tradidissemus
568 3153 662 3192 eum:
700 3136 739 3190 ita
774 3133 881 3190 ethic
907 3132 1178 3190 reverendissimus
1215 3182 1219 3198 ,
1303 3129 1318 3142 “

119 3225 278 3282 Dominus
287 3224 445 3316 Legatus,
455 3246 524 3284 cum
538 3229 674 3285 Fratrem
686 3210 856 3284 Martanum
870 3225 1003 3297 Principi
1019 3225 1181 3284 obtulisset

121 3319 229 3376 multis
252 3321 368 3378 odiosis
393 3323 514 3393 verbis,
534 3333 563 3379 et
583 3323 730 3396 Princeps
752 3323 940 3392 interrogare
959 3330 1078 3392 posset:
1107 3321 1179 3392 quid

119 3415 198 3471 lecit
220 3415 403 3474 fraterculus
431 3417 502 3475 ille?
525 3417 707 3489 respondet:
733 3418 949 3484 credat'milti,
976 3413 1179 3471 illustrissime
1242 3481 1244 3486 Ι

119 3509 296 3584 Princeps,
326 3509 504 3569 Domiu'atio
528 3521 646 3584 vestra,
683 3513 752 3586 quin
780 3529 852 3584 vera
882 3511 994 3583 loquor
1021 3525 1061 3566 ex
1096 3519 1178 3566 certa

119 3605 265 3674 scientia,
284 3622 345 3662 non
365 3621 405 3662 ex
423 3607 625 3680 opinionibus.
653 3607 859 3681 Respondebo
877 3623 932 3676 ego
947 3622 1003 3678 pro
1018 3603 1177 3678 Principe:

121 3699 172 3754 fac
190 3709 224 3754 at
240 3701 333 3762 sciam
351 3701 431 3756 hanc
448 3719 513 3760 esse
528 3715 640 3763 certam
659 3703 834 3772 scientiam,
851 3711 983 3775 ponatur
997 3701 1026 3756 in
1045 3701 1176 3773 scriptis,

121 3794 275 3849 formetur
295 3794 323 3848 in
346 3795 468 3870 literas,
493 3815 552 3874 non
571 3807 709 3854 vereatur
728 3799 883 3872 publicum
905 3807 935 3852 et
957 3789 1075 3858 lacem:
1095 3793 1177 3870 quod

6 3921 17 3958 ³<
120 3885 175 3940 alai
191 3887 305 3944 tactum
318 3889 430 3961 fuerit,
449 3902 520 3946 tunc
535 3893 652 3948 mittam
665 3891 803 3948 Fratrem
816 3891 986 3946 Martinam
1001 3895 1040 3962 ⁴ad
1059 3889 1178 3958 urbem,

122 3981 185 4037 inan
211 3982 276 4056 ipse
304 3999 374 4039 eurn
403 3984 517 4058 capiam
542 3995 573 4040 et
592 3985 783 4044 interficiam:
803 3994 875 4042 tuno
896 3979 1178 4044 consulambonorl
