2714 4556
217 317 266 398 ιι
701 310 812 376 ten.-
890 391 898 414 ἢ

294 455 443 529 Secundo
462 469 500 526 de
523 468 636 524 virtute
665 447 938 540 indulgentiarum,
965 473 1112 541 quantum
1137 469 1288 528 valeant·

217 569 289 625 llee
310 583 360 624 ree
380 567 411 623 in
431 563 524 621 dubio
538 561 641 618 'adhuc
660 563 785 634 pendet,
804 573 835 636 et
852 581 920 634 mea
938 563 1099 637 disputatio
1117 565 1202 620 inter
1226 579 1288 620 ee.

214 663 345 722 lemnias
374 661 520 716 fluctuet:
550 661 611 716 dno
635 666 736 714 tamen
763 647 879 714 licam:
911 659 1042 730 primum
1069 659 1126 716 tibi
1150 659 1214 716 soli
1250 670 1288 714 et

215 755 323 813 etnicis
345 755 477 822 nostris,
502 755 600 812 donec
626 769 676 810 ree
702 753 892 826 publicetur:
917 751 993 810 mini
1022 755 1053 810 in
1075 752 1284 823 indulgentiis

215 849 310 909 bodie
330 849 425 905 videri
450 864 513 904 non
534 864 601 905 osse
626 848 683 906 nisi
713 849 878 904 animarum
907 847 1103 919 illusionem,
1135 857 1167 904 et
1195 846 1285 904 nibil

217 957 344 1030 prorsus
366 943 455 1000 utiles
471 959 556 1012 esne,
572 943 630 1000 nisi
651 943 849 1002 stertentibus
867 953 898 1000 et
918 942 1010 1014 pigris
1030 944 1059 998 in
1078 942 1127 998 vis
1144 939 1309 1000 christia

217 1037 285 1095 Etsi
305 1038 385 1093 benc
409 1038 588 1094 scatentium
602 1053 663 1092 non
683 1029 767 1094 tene't
783 1046 888 1094 noster
908 1037 1130 1103 Carolstadiuet
1149 1045 1284 1092 eertum

218 1139 266 1190 est
285 1140 386 1188 tamen
404 1131 496 1196 mihi,
524 1133 606 1204 quod
621 1131 761 1190 estnihil
778 1132 871 1190 ducit.
904 1131 985 1188 Nam
1007 1131 1100 1203 hujus
1121 1130 1284 1186 illusionis

217 1228 409 1287 sustollenda
429 1227 544 1297 gratini
565 1243 622 1296 ego
646 1227 782 1286 veritatis
798 1241 901 1284 amore
913 1227 944 1288 in
970 1241 1043 1308 euru
1059 1225 1283 1299 disputationis

216 1319 425 1395 periculosum
450 1319 654 1392 labyrinthum
677 1321 744 1378 dedi
764 1337 813 1378 me
829 1322 945 1393 ipsam,
957 1329 1000 1381 et
1016 1322 1150 1378 excitavi
1168 1321 1199 1376 in
1223 1335 1281 1376 me

216 1425 383 1474 sexcentos
409 1416 623 1486 Minotaurus,
651 1418 712 1483 imo
735 1427 768 1474 et
785 1412 1124 1476 Rbadmantbotauros
1153 1423 1201 1472 et
1213 1411 1280 1470 Cn.

214 1511 374 1576 notroros.
481 1529 486 1536 ’

285 1605 510 1674 Secundum,
502 1621 613 1678 inquo
636 1623 699 1662 non
725 1613 773 1662 eet
784 1590 931 1671 'dubium
955 1567 1037 1678 quod
1065 1613 1095 1661 et
1125 1604 1183 1677 ipsi
1209 1603 1276 1658 mei

214 1698 379 1762 diverterit
407 1709 558 1770 eoguntur
579 1701 665 1756 interi
693 1709 725 1758 et
752 1708 815 1754 tota
839 1697 995 1767 Ecclesia,
1021 1700 1161 1767 scilicet,
1187 1697 1277 1769 quod

216 1793 407 1863 eleemosyna
420 1802 452 1850 et
469 1795 629 1852 subventio
644 1794 775 1866 proximi
794 1787 1069 1864 incomparabiliter
1084 1795 1194 1859 melior
1214 1801 1275 1861 est,

216 1903 308 1960 quem
329 1889 527 1958 indulgentior.
571 1890 645 1946 ldeo
668 1889 722 1946 tibi
743 1888 782 1946 sit
804 1887 994 1956 consultum,
1021 1897 1056 1944 ut
1075 1885 1173 1942 nullos
1191 1885 1276 1940 redi.
1353 1907 1355 1916 ⁴

116 1969 123 1988 ‘
215 1997 282 2040 mss
300 1981 516 2052 indulgentias,
544 1983 643 2040 donec
662 1981 795 2042 invenias
814 1999 961 2055 pauperes
979 1991 1010 2038 et
1036 1997 1148 2051 egenos
1164 1979 1274 2054 proxi.

213 2089 303 2146 moe,
334 2075 444 2148 quibus
468 2078 583 2140 dones,
615 2078 698 2149 quod
721 2093 777 2148 pro
801 2076 992 2146 indulgentiis
1018 2077 1133 2132 dooere
1162 2074 1272 2130 velles.

214 2169 245 2224 ni
271 2187 361 2226 secus
387 2171 506 2250 egeris:
536 2188 592 2242 ego
612 2189 680 2230 sum
699 2180 879 2240 excusatus,
904 2180 937 2234 tu
957 2169 1077 2226 videris.
1122 2167 1196 2228 Non
1214 2170 1273 2224 du.
1354 2233 1355 2253 χ

114 2274 117 2282 ’
214 2261 299 2331 bito,
327 2263 399 2334 quin
427 2264 503 2324 itam
531 2277 707 2334 morentur,
737 2267 788 2337 qni
811 2252 919 2328 relicto
947 2281 1042 2334 egeno
1055 2250 1302 2352 indulgentiis

213 2355 346 2410 redimit
384 2355 440 2412 Sed
462 2355 547 2426 pluro
559 2356 636 2414 Deo
653 2359 775 2414 volente
793 2359 927 2423 videbis.
951 2359 1003 2415 ubi
1023 2341 1195 2416 nostrarum
1213 2375 1273 2430 po.

215 2449 360 2506 sitionum
379 2449 574 2522 probationes
590 2446 724 2510 edidero.
761 2455 810 2510 Its
825 2454 905 2510 enim
925 2471 975 2511 roe
995 2463 1107 2524 cogunt
1128 2453 1269 2510 homines

212 2543 290 2604 illi
281 2557 345 2614 tpte
375 2545 515 2600 rudiores
534 2546 682 2620 ruditate,
716 2548 815 2618 quiin
836 2548 977 2620 omnibus
996 2547 1191 2608 concionibus
1214 2563 1269 2602 me
1353 2617 1354 2624 ἵ

213 2635 392 2694 baeretioum
412 2637 559 2696 clament:
586 2641 656 2712 quin
676 2658 713 2698 eo
733 2643 836 2698 iurnnt
852 2661 965 2717 nsque.
985 2651 1019 2700 ut
1035 2641 1267 2700 Universitatetn
1353 2633 1354 2680 ἒ

214 2730 527 2802 Wittetnbergensem
552 2745 678 2807 propter
703 2753 753 2795 me
773 2739 915 2796 infamem
940 2747 1089 2799 conentur
1116 2737 1219 2792 iacere
1234 2746 1269 2793 et
1311 2785 1315 2790 .

213 2824 400 2884 hereticum.
435 2826 503 2898 Ego
520 2829 618 2898 multo
635 2831 760 2902 amplius
780 2831 905 2902 laboro,
923 2833 1080 2905 quomodo
1097 2847 1147 2886 me
1168 2829 1265 2902 ipsun

216 2920 394 2991 cohibeam,
411 2937 450 2978 ne
467 2923 537 2980 illos
554 2923 763 2995 contemnam,
788 2937 819 2983 et
835 2929 880 2986 tic
899 2943 1025 2999 peccem
1045 2928 1075 2982 in
1093 2925 1264 3002 Christum,

216 3016 307 3088 quim
329 3019 485 3090 quomodo
504 3035 558 3076 eos
578 3021 773 3094 triumphem.
807 3024 895 3081 Adeo
918 3023 1000 3080 enim
1017 3031 1087 3080 sunt
1104 3013 1188 3079 vlcni
1207 3018 1265 3074 bn.

212 3115 372 3170 rnsnsrnm
396 3121 426 3168 et
444 3114 615 3172 divinarunt
642 3117 820 3185 literarum,
845 3125 880 3176 ut
898 3117 1056 3192 dndscoris
1076 3116 1117 3172 eit
1138 3131 1185 3170 res
1202 3114 1266 3184 ple.
1352 3147 1353 3154 ι

111 3203 114 3219 ’
213 3205 355 3276 nissimn,
381 3223 452 3264 enm
477 3207 536 3266 illis
560 3219 697 3268 certaret
729 3219 819 3284 atque
847 3225 881 3267 ea
902 3213 966 3284 ipsa
985 3220 1086 3268 tamen
1102 3209 1264 3280 ignorantie
1351 3277 1352 3280 Ἴ

213 3300 425 3358 incredibilem
445 3302 503 3360 illis
524 3305 602 3375 parit
622 3307 797 3378 audaciam,
824 3315 855 3362 et
868 3307 1037 3378 ,plusquam
1058 3319 1165 3370 aereant
1181 3303 1264 3360 fron.
1332 3313 1335 3316 ·

213 3402 288 3452 tem.
323 3395 402 3454 sotis
424 3407 525 3454 autem
541 3413 665 3472 suorum
681 3400 834 3458 larvarum
853 3411 883 3456 et
898 3401 1050 3464 lemurum
1067 3409 1138 3470 sunt
1151 3399 1262 3456 umbrie
1351 3393 1352 3418 ³

213 3489 358 3560 animosi,
385 3491 494 3564 quibus
517 3493 592 3550 odeo
616 3502 689 3552 runt
715 3495 839 3564 referti,
872 3505 924 3565 ot,
952 3503 986 3552 ut
1012 3511 1121 3560 eorum
1145 3510 1261 3566 quoque

212 3598 302 3640 more
321 3587 479 3651 strideam,
500 3587 706 3650 inessentieti:
730 3598 765 3646 ut
787 3569 1005 3661 desperandum
1022 3603 1149 3664 prorsus
1170 3589 1206 3644 sit
1225 3588 1262 3643 de
1351 3597 1352 3627 ff

213 3692 323 3736 eorum
341 3683 553 3760 correctione,
581 3685 682 3740 Unum
702 3683 779 3754 illud
796 3692 832 3750 te.
848 3701 938 3749 nosse
958 3683 1048 3753 volo,
1074 3683 1156 3756 quod
1174 3682 1262 3738 rehe-

215 3781 336 3828 menter
354 3774 456 3846 doleo,
475 3778 633 3853 videlieet:
652 3779 693 3834 illi
707 3780 763 3850 ipsi
779 3779 890 3838 rabnlae
907 3791 938 3836 et
956 3780 1043 3839 multi
1058 3779 1105 3836 alii
1125 3775 1262 3836 cumillis

123 3892 127 3903 ›
213 3882 294 3924 nova
323 3867 462 3926 machina
489 3873 629 3930 instructi
656 3873 768 3947 ubique
794 3875 956 3944 garriunt,
992 3874 1143 3944 Principis
1168 3871 1260 3928 nostri
1350 3925 1351 3942 ,

213 3957 406 4020 illustrissimi
423 3980 489 4021 esse
506 3975 625 4038 totum,
644 3971 724 4048 quod
740 3985 796 4038 ego
812 3985 883 4040 ogo,
912 3981 1055 4040 tanquam
1073 3967 1211 4028 inductur
1224 3965 1259 4020 ab

130 4067 133 4077 ’
186 4087 191 4104 2
213 4067 252 4112 eo
280 4058 316 4116 ed
342 4058 484 4132 invidiam
510 4060 744 4152 Arohiepisoopi
764 4063 1049 4135 Mngdebnrgensis.
1091 4063 1142 4122 'ru
1162 4077 1259 4140 queso
1348 4099 1350 4106 ι
