2714 4556
562 281 651 350 tati.
1097 289 1137 360 rr

14 474 19 486 ·
95 443 301 502 re‘rerendnm
326 441 449 498 Patrem
470 439 545 514 apud
564 459 621 498 vos
641 441 795 510 divulgari.
831 439 902 498 Non
923 443 1002 498 enim
1021 441 1145 505 Norim.

28 555 31 560 ’
94 538 323 608 bergensibus,¹
340 538 369 592 id
394 547 458 603 est,
483 537 699 592 delicatissimis
725 545 755 589 et
781 536 1011 593 emunctissimis
1035 534 1146 593 anima.

92 631 172 716 bns,
197 633 251 686 sed
271 631 415 696 rudibus,
433 639 466 730 ut
483 631 583 698 nosti,
602 627 788 700 Senonibus,
806 629 915 700 quibus
938 631 1015 684 nulla
1034 632 1144 688 verbo.

7 727 16 742 '
94 727 187 788 sitate
211 725 284 781 satis
306 725 406 780 mandi
431 698 462 778 ιιι
484 713 643 798 premendi
672 732 773 798 potest
804 723 932 778 eruditio
959 723 1163 796 christinam*v

94 819 184 874 editas
205 829 286 874 aunt.
322 819 379 873 Sed
402 834 479 886 nec,
505 819 528 873 si
551 811 689 890 quam²)
714 817 844 872 maxime
868 817 998 880 vellem.
1035 819 1144 890 aliquid

94 927 220 983 possem
247 912 392 979 efficere,
423 913 503 984 qnod
530 895 646 968 L'atinis
673 911 828 986 autoribus
855 910 1009 968 tolerabile
1036 911 1143 981 lieret,
1171 957 1174 967 .
1244 928 1248 937 ’

95 1015 212 1078 quanto
240 1007 339 1062 minus
359 1007 485 1074 vestris,
511 1023 582 1061 cum
603 1006 700 1060 dedita
723 1021 814 1076 opera
833 1005 913 1074 vulgi
931 1005 1059 1060 tarditati
1080 1019 1145 1060 ser.

95 1101 162 1156 vire
185 1102 368 1156 statuissem.
412 1100 507 1170 Igitur
528 1108 558 1154 te
580 1099 732 1168 obsecro,
759 1109 794 1154 ut
812 1113 828 1160 a
853 1100 990 1156 virorum
1012 1100 1146 1155 erudito.

95 1209 165 1248 rum
192 1203 361 1261 conspectu
380 1210 429 1248 ens
449 1181 804 1264 submoveas-quantum
825 1199 923 1262 potes.
960 1193 1143 1262 Caeterum,
1225 1189 1228 1196 '

52 1287 58 1300 '
98 1287 218 1358 quando
238 1287 390 1356 hortaris,
415 1287 540 1358 scripsi,
568 1297 675 1358 quanta
697 1289 780 1358 potui
800 1289 890 1355 cuia,
909 1294 942 1341 ut
961 1286 1144 1342 familiariter

97 1381 264 1456 sermenem
282 1379 381 1436 Eecio
399 1391 507 1436 nostro
513 1401 524 1446 3
543 1381 567 1435 si
584 1381 795 1452 pervenerint,
813 1381 928 1436 nescio.

167 1475 229 1530 llas
243 1476 426 1542 sententias,
445 1489 518 1546 quas
536 1477 647 1530 voea‘nt
666 1475 853 1546 positiones,
880 1473 968 1530 mitto
984 1474 1020 1528 ad
1041 1481 1088 1541 te,
1115 1479 1146 1526 et

97 1584 157 1641 per
178 1577 207 1622 te
232 1567 313 1624 Patri
338 1568 489 1647 Magistro
510 1567 691 1637 Veuceslao,
721 1577 751 1624 et
769 1569 859 1640 siqui
879 1567 1036 1640 allinunt,
1068 1583 1145 1640 quos

98 1662 191 1732 hujus
211 1661 325 1732 generis
346 1663 459 1721 deliciae
479 1661 649 1736 delectant,
674 1663 761 1728 Stant,
782 1662 838 1718 nisi
860 1661 966 1734 fallor,
991 1660 1067 1720 haec
1081 1661 1146 1732 jam

96 1773 160 1811 non
179 1755 333 1812 Ciceronis
351 1757 520 1828 paradoxa,
548 1758 600 1812 sed
622 1756 799 1815 Garolstadii
822 1756 937 1824 nostri,
964 1756 1027 1812 imo
1050 1754 1145 1810 sancti

96 1849 276 1918 Augustini,
294 1849 499 1906 Ciceronianis
513 1857 596 1905 tanto
612 1849 796 1908 mirabiliora
814 1857 844 1904 et
862 1849 1146 1918 digniorn‚.quanto

96 1946 294 2014 Augustinus,
311 1945 374 2000 imo
390 1943 539 2010 Christus,
559 1942 706 1999 Cicerone
728 1943 844 2014 dignior
859 1951 915 2012 est.
948 1943 1085 2012 Arguent
1110 1939 1144 2006 t)

99 2049 200 2094 autem
223 2041 279 2095 ista
303 2039 455 2110 paradoxa
480 2038 613 2096 omnium
645 2054 750 2112 eorum
777 2037 825 2090 vel
855 2029 1063 2106 negligentiam
1097 2030 1146 2087 vel

99 2133 317 2203 ignorantiam,
336 2131 564 2203 quibuscunque
579 2131 690 2186 fuerint
706 2129 767 2184 visa
780 2119 873 2198 magis
886 2127 1037 2200 parndoxa
1056 2139 1146 2198 quam
1250 2119 1257 2130 “

102 2227 294 2284 orthodoxa:
320 2242 355 2280 ne
374 2228 468 2282 dicam
490 2225 527 2282 de
548 2225 608 2292 iis,
631 2225 682 2298 qni
703 2239 736 2278 ea
756 2223 857 2294 potius
875 2221 1031 2278 eaeodoxa
1043 2219 1145 2290 impu.

103 2322 188 2382 denti
215 2319 377 2394 temeritate
399 2313 588 2391 judicabunt:
614 2319 756 2390 quoniam
780 2315 816 2380 0)
840 2331 897 2370 nec
924 2313 1145 2387 Augustinum.
1207 2359 1209 2366 ,

102 2435 163 2474 nec
180 2417 305 2474 Paulum
320 2414 434 2484 legunt,
454 2421 504 2468 aut
524 2414 564 2488 ita
582 2413 705 2483 legunt,
722 2421 835 2468 utnon
851 2409 1030 2480 intelligant,
1049 2419 1145 2483 seque
1170 2475 1178 2483 .

100 2521 131 2568 et
152 2511 228 2566 alios
245 2525 346 2565 secum
364 2509 524 2578 negligant.
559 2507 633 2574 Sunt
648 2507 737 2578 igitur
756 2505 907 2578 paradoxa
927 2501 1096 2568 modestis,
1115 2503 1147 2555 at
1221 2562 1225 2581 ι

99 2607 150 2678 qui
173 2621 237 2662 non
257 2621 291 2659 aa
310 2605 525 2674 cognoverint,
542 2603 595 2657 aed
616 2602 734 2658 eudoxa
757 2607 787 2655 et
812 2599 959 2654 ealodoxa
980 2591 1145 2652 solentibus
1254 2657 1262 2666 .

69 2699 173 2772 ,mibi
196 2715 271 2754 vero
294 2699 478 2758 aristodoxa.
513 2695 692 2752 Benedictus
714 2695 821 2760 Deus,
848 2693 899 2765 qui
918 2705 1040 2750 rursum
1057 2685 1147 2758 ¹iubet

100 2795 137 2852 de
155 2793 288 2850 tenebris
311 2793 521 2864 splendescere
540 2791 651 2846 lumen.

166 2885 384 2944 Reverendunn
405 2885 528 2944 Patrem
547 2883 715 2940 vicarium
711 2882 860 2954 suspicor
888 2891 948 2932 non
977 2891 1043 2932 esse
1070 2871 1148 2945 apud
1210 2904 1212 2913 ·

99 3000 174 3040 vos:
200 2990 398 3053 expectamus
419 2981 580 3036 adventum
603 2978 667 3048 ejas
688 2977 725 3032 ad
745 2976 810 3032 rios.
851 2973 977 3028 Doctor
994 2967 1147 3025 chilianus

98 3076 269 3135 Reuther*
279 3075 492 3148 )detunptus
504 3081 551 3128 est
575 3073 636 3129 vita
654 3071 798 3176 mortali.
826 3069 878 3122 det
895 3065 1057 3140 Deusgut
1074 3058 1146 3119 lun·
1205 3062 1209 3081 ¹

99 3183 188 3242 gatur
210 3180 331 3226 aeterna.
366 3171 475 3224 Amen.

177 3283 290 3338 Salutat
307 3289 338 3336 te
356 3279 546 3338 Amadordus
565 3287 598 3335 et
616 3275 714 3333 omnia
732 3274 828 3328 amica
846 3268 998 3327 sodalitas.
1033 3265 1148 3320 Saluta.

99 3393 167 3433 rnna
190 3377 327 3432 vicissim
348 3391 402 3448 per
430 3385 461 3431 te
496 3384 602 3430 ornnes
636 3370 756 3427 salutari
782 3367 919 3424 meritos.
966 3359 1050 3416 Vale.
1099 3353 1147 3412 Ex

100 3453 341 3540 Wittentberga,
361 3479 449 3526 sexta
465 3469 558 3540 Maii,
576 3460 757 3524 MDllVll.¹

530 3563 564 3621 F.
583 3562 734 3628 Martinus
749 3557 866 3625 Luder,
891 3539 1144 3620 Angustintetsie

129 3781 139 3790 .
157 3743 185 3791 1)
212 3735 475 3806 &obterendam

153 3819 185 3869 bl
214 3815 281 3868 66).
300 3827 412 3874 arguunt.
505 3855 510 3864 .

157 3899 185 3948 c)
216 3893 349 3956 &tlt-qui.

100 3979 303 3996 mn.—

157 4031 185 4081 ·ι
213 4027 272 4082 ou.
295 4028 341 4089 uo,
356 4029 438 4077 xxrn
472 4061 483 4072 .
