2756 4558
139 291 288 397 „ass
422 241 425 245 ⁵
665 247 838 359 ‘sets
931 251 934 258 ’

108 511 111 516 ,
189 454 303 511 eret.
338 407 502 524 Quotquot
519 451 621 502 eutem
637 443 726 504 nobis
744 437 904 514 invehunt,
920 442 1003 500 velut
1022 440 1146 502 occulte
1164 441 1202 500 ad
1220 456 1280 500 nos

227 540 400 606 veniebant.
416 539 560 596 Invitavit
576 549 675 599 tamen
690 521 747 598 ιιόι
762 539 805 597 D.
821 537 985 610 numech,
1001 537 1098 596 nono
1115 537 1280 595 rectissimi

223 635 352 708 judicii,
378 643 411 692 et
431 633 602 692 ordinarius
623 621 869 710 Pistorpuqior.
900 633 1037 691 inrituvit
1061 633 1183 705 etipse
1201 631 1280 690 Ilux

229 729 381 800 Georgius
399 737 538 785 nostres
556 727 655 786 simul.
801 781 811 792 ,

297 823 381 880 Idem
399 823 476 880 Dux
498 822 624 880 illustris
642 839 692 880 me
716 822 785 883 eolo
811 831 923 881 vocato
944 785 1049 880 multis
1070 836 1197 879 mecum
1220 819 1283 892 egit

230 918 267 980 de
283 917 437 1008 opusculis
450 917 543 986 meis,
559 903 727 991 praesertim
742 919 779 976 de
792 919 929 976 cretione
942 914 1125 986 Dominica,
1141 930 1282 985 causam,

232 1013 315 1086 quod
332 1011 442 1078 Bdcmi
454 1013 494 1070 de
511 1029 560 1068 urs
579 1014 673 1070 multa
690 1021 922 1086 praesumerent:
940 1012 1047 1070 deinde
1058 1027 1128 1070 cum
1142 1012 1283 1068 oratioue

231 1103 395 1166 Dominica
418 1105 610 1166 suscitassent
636 1109 739 1172 multis
763 1107 957 1166 conscientiis
985 1105 1221 1179 confusionem,
1248 1111 1284 1160 ιιι

220 1196 281 1275 ‘qui
300 1203 330 1258 in
348 1210 479 1273 quatuor
496 1200 602 1258 diebus
626 1217 664 1258 ne
689 1219 783 1260 unum
798 1209 1009 1276 paternoster
1028 1215 1062 1258 se
1080 1215 1171 1258 orere
1191 1213 1285 1272 posse

231 1304 450 1368 quererentur,
468 1295 493 1352 si
511 1311 560 1350 me
578 1296 673 1352 audiri
692 1304 865 1371 oporteret,
883 1305 914 1352 et
930 1295 1026 1356 multa
1039 1293 1109 1351 alis.
1136 1293 1207 1350 Nec
1225 1308 1283 1365 ego

169 1405 176 1414 “
232 1379 315 1444 eram
337 1398 400 1446 tarn
418 1390 578 1463 stupidus,
603 1391 654 1463 qui
677 1408 740 1448 non
763 1389 978 1460 distinguerem
1001 1383 1079 1446 inter
1101 1387 1234 1446 fistulam
1252 1392 1286 1440 et

231 1482 353 1551 ilatum,
377 1483 550 1555 indoluique
572 1485 722 1557 optimum
747 1493 778 1542 et
796 1485 963 1556 piissimum
982 1483 1159 1555 Principem
1179 1480 1285 1537 alienia

106 1629 110 1650 ,
144 1579 145 1584 ’
231 1573 272 1642 ita
291 1586 394 1646 putere
415 1587 446 1634 et
466 1591 571 1651 parere
594 1579 773 1648 affectibus,
804 1595 896 1650 quem
921 1577 1062 1634 videbam
1084 1587 1115 1632 et
1136 1584 1286 1651 expertum

231 1683 316 1726 erum
335 1671 407 1728 setis
424 1673 628 1746 principaliter
641 1674 741 1746 loqui,
760 1673 879 1746 quando
897 1687 951 1728 sus
969 1672 1164 1744 loquebatur.

290 1761 512 1822 ¹Nouissimunr
537 1767 653 1824 invidiae
677 1763 859 1824 monstrum.
895 1766 973 1824 Cum
996 1783 1053 1836 ego
1072 1763 1102 1824 in
1127 1765 1176 1820 die
1197 1762 1285 1846 Petri

175 1925 179 1938 .
234 1862 265 1914 et
291 1857 376 1915 Pauli
405 1868 542 1917 vocatus.
559 1875 692 1918 essetne
717 1860 854 1917 Domino
878 1860 1014 1920 Rectore
1036 1867 1163 1926 nonno,
1192 1855 1285 1912 Duce

129 1935 147 1996 ι’
232 1949 423 2022 Pomereu'o,
449 1963 484 2010 ut
501 1952 698 2026 Evangelium
717 1956 896 2024 gratiosum
915 1956 945 2012 in
962 1954 1074 2013 sacello
1098 1953 1192 2009 castri
1214 1968 1286 2023 pro-

232 2047 426 2108 nuntiarem:
456 2039 581 2120 repenti
595 2051 687 2126 ,fama
717 2049 809 2121 hujus
834 2065 909 2106 meae
941 2047 1097 2106 concionis
1128 2045 1284 2104 civitatem

229 2139 386 2211 implevit,
403 2143 607 2214 convepitqtlc
620 2153 749 2218 uterque
768 2159 860 2202 sexus
879 2143 1020 2216 copiose,
1046 2151 1080 2198 ut
1099 2130 1229 2212 cogerer
1253 2140 1284 2195 in

232 2235 298 2288 aula
317 2234 515 2306 disputatoria
530 2218 728 2295 concionari..
752 2239 799 2296 Ibi
818 2237 953 2310 dispositi
976 2247 1008 2293 et
1027 2235 1128 2294 vocati
1148 2223 1283 2302 magistri

232 2328 331 2384 nostri
348 2339 380 2384 et
393 2327 607 2388 observatores
619 2332 807 2404 iniquissimi.
838 2334 896 2391 Est
910 2343 1011 2388 autern
1028 2332 1058 2389 id
1074 2329 1283 2408 Evangelium,

233 2422 318 2493 quod
343 2422 501 2494 utriusque
526 2425 736 2496 disputationis
757 2445 822 2483 rem
847 2427 1035 2501 apertissime
1057 2423 1282 2496 complectitur.

141 2511 145 2518 “
231 2515 307 2574 Ideo
332 2533 390 2588 ego
411 2512 505 2572 totius
525 2517 733 2590 disputationis
760 2529 909 2578 summam
928 2530 1054 2578 coactus
1076 2534 1145 2575 aum
1165 2517 1284 2574 cunctis

233 2626 413 2684 exponere,
432 2612 533 2668 sedin
551 2612 658 2668 mulam
675 2616 801 2684 gratiam
817 2615 1025 2689 Lipsensibus.

300 2706 379 2766 Post
401 2705 469 2762 haec
494 2705 608 2764 Ecoius
625 2717 734 2785 contre
753 2709 1020 2782 mersubstitntum
1056 2715 1165 2780 quater
1179 2704 1285 2778 praedi.

231 2802 314 2859 cavit
331 2802 362 2859 iu
382 2801 523 2858 ecclesiis
541 2801 668 2859 diversis
688 2812 719 2859 et
738 2805 839 2860 omnin
857 2821 923 2860 mea
943 2801 1090 2874 proscidit
1109 2809 1140 2855 et
1162 2797 1285 2854 vexavit

231 2896 363 2970 publica.
398 2893 498 2966 Sici)
523 2897 602 2953 euim
629 2897 818 2968 theologistaa
842 2901 868 2956 ei
892 2897 1079 2954 mandarunt.
1112 2894 1197 2950 Mihi
1218 2907 1284 2948 rur.

163 2977 198 3036 ’κ
232 3001 321 3055 sum,
341 2992 415 3050 licet
433 2992 568 3050 amlrltis
589 2977 761 3064 peteretur,
779 3010 841 3050 non
858 3002 904 3048 est
921 3007 1068 3048 concessa
1076 2989 1147 3045 'ulla
1165 2987 1284 3044 concio.

232 3085 568 3161 Accusandusftantum
584 3096 614 3142 et
630 3087 832 3144 criminandus
853 3102 934 3142 eram
945 3083 985 3153 ιι)
1000 3125 1010 3155 ,
1028 3102 1089 3142 uon
1108 3083 1201 3139 etism
1215 3095 1285 3152 pur.

233 3180 357 3249 gentius.
399 3179 452 3236 Sic
471 3179 551 3236 enim
572 3188 606 3237 et
628 3181 658 3236 in
687 3181 887 3252 disputatione
912 3188 1057 3249 egerunt,
1094 3188 1128 3234 ut
1141 3176 1282 3238 ·Eccius.

231 3273 305 3330 licet
322 3282 601 3356 opponensesset,
617 3273 756 3331 ultimum
774 3281 873 3338 temen
889 3273 1017 3330 verbum
1035 3271 1182 3335 heberet.
1202 3267 1283 3343 quod

109 3391 118 3400 ·
233 3383 290 3436 eqo
308 3383 370 3424 nou
387 3381 510 3440 possem
524 3367 702 3424 dissolvere.
735 3369 878 3441 Denique
893 3367 958 3440 ipse
974 3365 1075 3422 Caessr
1090 3361 1196 3434 Pdug,
1214 3378 1284 3418 curn

101 3497 105 3504 -
201 3538 204 3544 ἢ
233 3462 366 3517 audisset
383 3477 432 3517 me
448 3459 628 3548 praedicasse
648 3461 906 3531 (aberetenini),
926 3460 985 3518 ait:
1003 3457 1056 3528 ild)
1071 3456 1284 3520 nutrescunt

237 3553 391 3618 ”lustinus
411 3553 491 3625 iltis
509 3531 566 3626 ltin
584 3554 701 3630 inulas
719 3569 770 3630 ptr
792 3557 975 3630 mittentium
997 3553 1129 3628 testreet.
1166 3553 1285 3608 Summa

105 3705 109 3712 ,
192 3673 194 3679 ·
233 3661 436 3704 summarum.
461 3649 604 3706 invidiam
623 3651 780 3722 aliquando
801 3655 891 3722 novi,
908 3653 962 3712 sed
975 3651 1088 3708 nullum
1107 3648 1285 3704 inverecun-

235 3717 353 3798 «liorem
373 3751 403 3798 et
421 3741 685 3846 impudentiorem.

288 3959 320 4008 ιι)
348 3952 452 4004 durii.
468 3955 541 4003 sicut.

289 4034 323 4090 t>
350 4031 501 4083 nrrit-
519 4047 594 4092 emar.
