2686 4558
545 279 636 390 lessi
845 241 849 252 Ι
1011 288 1014 296 ’
1064 300 1126 370 trs

56 461 171 535 optimi
192 459 315 528 fideles,
335 459 431 516 exivit
452 475 555 517 sermo
574 460 713 532 quidem,
735 475 826 531 quern
846 459 932 516 multi
951 461 1028 518 ielse
1040 463 1127 519 intel.

52 557 183 626 ligurit:
209 555 409 629 quermobrem
434 555 528 612 nolite
554 565 660 628 putare
685 556 784 610 autori
812 547 888 611 illius
907 557 951 612 sio
976 541 1124 630 placuisse

54 652 199 721 intelligi.
217 711 219 718 ¹
235 651 300 706 Huc
325 651 441 706 ratione
463 650 536 706 mihi
556 666 618 705 non
638 650 833 716 nocuissent,
859 649 915 706 sibi
934 659 964 706 et
983 653 1125 716 omnihus
1204 687 1206 692 ,

53 743 266 819 profuissent:
293 761 373 800 nunc
397 757 497 800 sutem
523 744 614 814 pleno
640 744 746 800 furore
770 743 889 799 irruunt
913 755 943 815 et
964 747 1124 817 damnent,

54 841 145 912 quod
168 855 322 911 uunquam
345 839 472 911 scripsi,
500 839 562 894 imo
586 838 774 894 contrarium
800 839 926 910 scripsi,
953 840 1043 912 idque
1065 843 1123 898 sub

54 936 187 996 nornine
208 950 289 988 meu.
326 935 389 988 Aut
408 943 492 990 certe
511 933 584 989 milti
606 933 746 1008 privatim
767 935 976 1006 scripsissent,
997 953 1125 991 monen-

53 1039 124 1096 tes,
153 1037 187 1082 ut
212 1027 448 1084 declarationem
475 1030 613 1096 ederem't
639 1039 669 1084 st
683 1029 739 1099 ipsi
755 1028 844 1100 hujus
855 1029 982 1100 justitiae
1000 1041 1030 1086 et
1045 1031 1125 1090 illius

54 1123 219 1178 charitatis
237 1123 286 1176 vie
307 1122 430 1190 relicte,
459 1115 492 1178 vi'
510 1133 541 1178 et
559 1123 667 1196 injuris
690 1134 867 1196 coepsrunt:
897 1126 970 1197 quid
994 1127 1127 1197 mirum,
1174 1132 1178 1141 '

55 1217 84 1273 si
104 1229 169 1289 tsrn
188 1215 299 1272 malunt
320 1217 482 1296 exprdiutn
502 1218 598 1274 melus
616 1225 762 1290 sequetur
781 1235 973 1290 progressus.

60 1337 70 1366 r
134 1309 256 1378 Miror,
280 1327 337 1366 nec
357 1312 430 1367 setis
450 1311 552 1368 mirari
571 1303 722 1385 possum,
747 1323 899 1370 essetsm
917 1316 1009 1374 rudes
1028 1325 1058 1372 ct
1078 1318 1125 1372 in.
1167 1331 1170 1340 ’

57 1408 174 1494 dpctos
197 1407 342 1462 homiues
363 1405 474 1462 Misere
495 1415 525 1462 et
548 1405 679 1479 Lipsiae,
703 1417 754 1464 aut
775 1417 836 1464 tem
856 1425 994 1479 magnum
1014 1427 1123 1467 eorum

56 1501 223 1568 invidiam,
241 1513 275 1554 ut
291 1501 380 1556 etiam
401 1515 595 1556 communem
610 1517 734 1558 sensum
750 1502 808 1560 sibi
827 1505 905 1576 pessi
923 1506 983 1561 sint
998 1507 1123 1562 suferri.

56 1595 208 1652 Nondum
230 1593 321 1652 habui
340 1596 548 1667 adversarios,
572 1612 650 1668 quos
669 1613 754 1668 equs
776 1600 1013 1656 consenserim:
1042 1609 1125 1656 tants

58 1701 108 1745 est
127 1690 185 1744 illis
203 1704 258 1744 seu
278 1687 434 1758 hebetudo
455 1689 509 1746 seu
530 1690 793 1748 inconsiderantia.
837 1692 993 1765 Quicquid
1009 1695 1069 1762 sit,
1097 1695 1122 1750 si

58 1797 171 1855 potes,
197 1799 385 1856 cooperare
388 1783 467 1851 illis,
493 1797 531 1837 ne
554 1799 605 1838 me
627 1785 794 1842 lacessent:
827 1797 934 1876 captos
956 1799 1065 1850 teneo,
1092 1798 1125 1843 et

57 1880 101 1934 ita
125 1886 251 1949 captos,
277 1886 310 1930 ut
327 1877 384 1932 nisi
405 1879 634 1934 mansuetudine
655 1879 788 1952 egerint,
808 1895 952 1950 supremo
975 1883 1034 1936 sint
1054 1897 1122 1936 sese

57 1973 233 2044 exposituri
258 1971 437 2043 opprobrio.
481 1971 573 2046 Quod
597 1974 622 2030 si
640 1971 813 2041 videbitur,
841 1983 873 2030 et
891 1991 947 2042 ego
966 1973 1122 2047 Episcopo

57 2069 90 2123 iu
116 2067 196 2121 hanc
224 2082 289 2120 rem
315 2065 458 2136 scribom.
502 2065 586 2120 Duci
609 2067 747 2135 Georgio
770 2067 959 2137 scriberem,
983 2068 1040 2123 nisi
1063 2069 1125 2124 sci.

57 2179 146 2230 rern,
165 2177 215 2216 me
234 2173 284 2215 sut
303 2157 363 2216 uon
383 2161 461 2230 legi,
486 2169 536 2214 uut
555 2161 669 2216 lectum
688 2177 750 2216 non
770 2161 878 2218 audiri.

129 2255 180 2313 De
198 2253 357 2328 Welpurgi
377 2253 602 2312 Lendmsnnina
617 2255 655 2324 b)
681 2257 856 2324 bonseias,
883 2273 982 2329 neque
1001 2266 1124 2316 curato.
1206 2305 1209 2313 .

58 2371 111 2410 res
132 2369 231 2426 neque
249 2345 368 2408 tutores
387 2352 413 2408 ei
432 2367 563 2424 unquam
583 2351 694 2422 luisse,
713 2352 766 2407 sed
785 2369 837 2408 sus
856 2352 951 2409 solius
966 2353 1122 2408 voluntate
1173 2413 1177 2420 ,
1278 2361 1281 2378 ·

58 2449 143 2505 dedit
161 2449 286 2503 domum
306 2435 459 2502 Ecclesise.
492 2443 548 2516 Egi
566 2463 637 2501 cum
657 2447 794 2503 Domino
813 2447 982 2520 Praeposito
1001 2449 1120 2506 multis:

60 2543 117 2600 sed
139 2543 252 2614 ipsein
265 2541 388 2614 juribus
406 2543 468 2598 suis
487 2541 687 2610 submersus,
714 2551 842 2610 nugetur
861 2559 923 2598 non
942 2559 1033 2614 posse
1053 2546 1123 2600 red.

58 2639 102 2706 di,
122 2638 204 2708 quod
222 2637 315 2692 semel
334 2635 405 2694 Deo
424 2637 527 2691 datum
546 2649 612 2706 est,
629 2637 744 2692 etiamsi
763 2637 893 2694 donator
912 2636 951 2692 sit
971 2645 1120 2708 perpetuo

57 2731 309 2798 mendicaturus,
329 2744 379 2787 sut
398 2733 477 2786 fame
495 2719 681 2788 moriturus:
702 2731 875 2802 remisitque
893 2746 943 2784 mc
962 2732 997 2784 ud
1016 2729 1121 2786 Deum

58 2837 94 2882 et
113 2827 150 2882 sd
168 2841 391 2882 sacramentum
418 2825 634 2893 Eucharistiae,
660 2836 694 2880 ut
718 2825 780 2880 illic
804 2841 875 2880 cum
903 2823 1027 2880 Christo
1054 2841 1123 2894 age.

57 2938 140 2991 rem,
156 2919 179 2975 si
199 2921 279 2976 sorte
298 2921 371 2978 velit
390 2921 453 2992 ipse
471 2921 544 2978 mihi
565 2920 669 2992 loqui,
690 2927 721 2974 et
739 2919 866 2974 reddere
889 2935 954 2990 quae
973 2927 1120 2991 peterem.

128 3015 307 3098 Hestnuges
337 3017 427 3072 etiarn
446 3017 523 3072 seris
550 3004 633 3072 ducit¹
661 3015 757 3070 homo
779 3013 947 3086 juridicus:
977 3017 1025 3070 cui
1051 3031 1121 3070 curn

58 3107 225 3177 dixissem,
251 3127 307 3165 cur
331 3111 387 3182 ipsi
412 3111 487 3166 vice·
505 3109 620 3166 Christi
638 3112 755 3182 possint
774 3111 883 3164 donate
902 3111 1040 3182 accipere
1051 3149 1060 3178 ,
1089 3117 1121 3163 et

12 3223 14 3228 ·
58 3201 164 3259 eadem
191 3205 259 3260 vice
283 3222 344 3260 nou
370 3215 495 3277 possent
514 3206 663 3262 reddere?
689 3213 865 3276 perseverat
884 3204 913 3257 in
935 3205 1013 3270 ltoc,
1038 3202 1122 3272 quod

56 3297 129 3354 Deo
149 3302 217 3354 data
237 3299 331 3356 homo
351 3316 413 3354 nou
431 3301 528 3372 possit
551 3300 700 3354 reddere:
731 3315 792 3366 non
818 3308 955 3370 penetrat
971 3295 1122 3364 'Evenge

56 3394 132 3449 lium
151 3394 181 3448 in
201 3393 266 3449 haec
285 3397 381 3468 cupite
400 3396 487 3463 nugis
506 3394 570 3450 istis
590 3373 822 3465 occupatissima
840 3411 848 3449 ι
878 3391 962 3463 qussi
986 3408 1048 3446 nou
1068 3390 1121 3456 eb.

56 3490 137 3542 uude
157 3489 186 3542 in
204 3487 375 3558 Evangeliis
395 3489 535 3544 Christus
554 3489 676 3544 oracula
695 3489 762 3556 det,
790 3489 854 3544 sine
879 3487 1121 3555 intermissione,

57 3582 131 3654 quid
152 3583 182 3638 in
202 3583 251 3652 his
269 3584 361 3640 rebus
381 3585 523 3655 proximo
543 3583 715 3658 iaciendum
740 3583 798 3650 sit,
822 3575 880 3635 'ubi
906 3581 1071 3636 necessitas
1089 3589 1122 3636 st

60 3677 194 3734 charites
220 3679 335 3735 suadet.
370 3677 444 3734 Vale
471 3688 502 3734 et
527 3695 581 3736 ors
605 3697 661 3754 pro
688 3695 748 3738 me.
785 3677 875 3732 Anno
900 3673 1048 3742 MDXX,
1076 3677 1118 3732 18.

57 3771 229 3829 Februarii.

758 3823 760 3826 Ι
778 3839 932 3900 Martinus
951 3837 1117 3898 Lutltcrus.

58 3968 591 4002 ι-υ----ι----ι--ι-ι---ι-ι-Ιιι--ιδΙ

110 4075 146 4127 b>
175 4075 246 4124 Cod.
263 4075 332 4124 len.
348 4038 527 4131 hetruseis.
