2760 4556
715 345 804 412 ms.
901 421 903 426 ,
976 363 978 371 s

678 499 832 562 Jesus.

757 613 759 622 Ι
806 621 811 656 l

227 657 500 752 Reverendissime
527 689 558 747 in
585 689 709 778 Christo
731 691 842 761 Pater,
865 691 983 785 ¹iterum
1005 690 1114 761 venio,
1148 690 1204 748 sed
1227 675 1281 764 per
1362 667 1363 738 Ῐ

226 791 348 850 literae:
372 788 512 858 dignetur
529 785 569 842 tt.
586 784 755 842 Paternitas
778 795 829 842 tua
846 803 895 842 me
912 787 1144 872 clementissime
1165 785 1280 842 audire.
1362 773 1363 830 3

205 887 207 891 “
293 881 364 952 Egit
381 896 503 936 mecum
521 882 703 937 reverendus
721 881 855 954 mihique
873 881 1063 936 dulcissimus
1082 879 1175 936 Pater
1192 893 1281 934 meus
1362 885 1363 930 l

224 977 255 1036 in
271 975 409 1041 Christoi
428 974 565 1032 vicarius
578 984 694 1046 noster,
711 974 1054 1046 Johannesstaupitius,
1073 983 1106 1030 ttt
1122 973 1281 1042 humiliter
1362 1023 1363 1050 ,

224 1071 392 1140 sentirem,
407 1079 437 1126 et
451 1067 583 1142 opinioni
599 1069 726 1142 propriae
740 1072 893 1136 cederem,
911 1080 940 1124 et
955 1083 1075 1128 sensum
1090 1083 1193 1122 meum
1208 1066 1282 1124 sub·
1362 1117 1363 1142 1

222 1166 401 1235 mitterem,
433 1163 716 1236 commendavitque
741 1181 776 1220 ac
802 1162 1073 1230 exuberantissime
1105 1161 1281 1232 persuasit,
1362 1149 1363 1162 .

221 1244 261 1319 ld.
289 1271 372 1315 tuam
398 1257 434 1315 Ρ.
460 1257 535 1314 mihi
562 1273 628 1314 esse
649 1257 905 1326 gratiosissimam.
953 1257 998 1314 Ea
1018 1273 1068 1313 res
1085 1270 1124 1340 (et
1144 1256 1281 1311 'nuntius

222 1355 335 1432 pariter
358 1369 407 1409 me
426 1353 536 1409 mirum
559 1351 589 1408 in
610 1353 733 1407 modum
752 1353 968 1409 exhilaratum.
1009 1350 1066 1408 Est
1084 1351 1166 1420 etnim
1183 1350 1282 1405 homo

221 1448 274 1522 hic
300 1448 368 1506 talis
396 1455 426 1503 et
447 1456 548 1504 tantus
568 1446 598 1502 in
624 1447 721 1502 oculis
748 1449 840 1516 meis,
865 1456 899 1502 ut
917 1447 1014 1502 nullus
1034 1446 1073 1500 sit
1094 1444 1124 1499 in
1147 1443 1280 1511 mundo,
1362 1447 1363 1508 Τ

222 1544 271 1598 cui
287 1543 429 1598 libentius
449 1537 583 1599 audirem
604 1549 633 1596 et
652 1540 850 1612 obsequerer.
885 1541 954 1597 Nec
976 1541 1074 1596 minus
1090 1539 1151 1610 egit
1168 1537 1281 1593 dulcis.
1362 1589 1363 1596 ἶ

221 1636 315 1715 aimus
338 1637 432 1692 irater
456 1651 567 1704 meus,
593 1618 743 1704 Magister
770 1635 971 1691 Wenceelaus
999 1633 1132 1702 L'incus,
1163 1633 1215 1706 qui
1239 1632 1278 1706 ali

216 1730 343 1786 ineunte
368 1739 454 1785 aetate
479 1730 542 1802 pari
571 1745 691 1786 mecum
714 1730 814 1787 studio
843 1729 984 1785 adolevit.
1028 1727 1184 1812 Breviter,
1215 1743 1278 1782 non
1362 1769 1363 1788 ,

193 1813 320 1896 'pottiit
342 1821 381 1880 R.
407 1821 444 1880 P.
468 1833 518 1878 tua
543 1823 653 1879 lortius
677 1833 707 1879 et
731 1823 848 1880 dulcius
872 1839 920 1877 me
944 1819 1090 1888 movere,
1114 1834 1205 1892 quam
1229 1821 1279 1876 his
1362 1869 1363 1892 2

222 1917 342 1988 duobus
363 1916 435 1972 viris
458 1917 693 1986 mediatoribus,
723 1931 853 1988 quorum
878 1927 1005 1988 uterque
1029 1915 1209 1989 insolidum
1229 1931 1279 1970 me
1362 1951 1363 1968 t

144 2045 148 2058 -
221 2005 314 2066 habet
333 2011 364 2066 iu
386 1999 477 2065 manu
503 2027 567 2068 aua.
608 2012 707 2066 Tanta
726 2020 772 2068 est
795 1996 950 2082 trasimul
968 2009 1138 2065 humanitas
1158 2019 1188 2063 et
1207 2025 1280 2082 pro.
1362 1991 1363 2008 ¹

149 2171 151 2178 Ι
221 2105 338 2168 dentis,
364 2119 423 2176 qua
444 2105 533 2162 video
556 2111 637 2160 tuam
662 2105 700 2161 R.
721 2103 757 2162 P.
779 2121 842 2160 non
859 2119 946 2170 mea,
976 2104 1029 2171 sed
1049 2119 1098 2158 me
1121 2117 1277 2174 quaerere:

221 2213 292 2252 cum
313 2197 464 2268 potuisset
489 2199 554 2255 sola
581 2207 730 2270 potestate
756 2199 787 2254 in
808 2214 857 2254 me
882 2198 1041 2254 dominari.
1088 2195 1193 2268 Itaque
1211 2195 1279 2265 jam
1362 2187 1363 2208 ¹

207 2287 314 2346 ltimor
339 2303 425 2344 meua
450 2293 564 2346 sensim
592 2293 715 2360 transit,
742 2293 804 2348 imo
823 2300 955 2347 mutatus
979 2300 1024 2347 est
1045 2290 1076 2346 in
1096 2289 1278 2358 singularem
1362 2293 1363 2320 l

221 2397 291 2450 erga
307 2381 349 2436 R.
372 2379 409 2437 Ρ.
429 2381 510 2438 tuim
528 2399 683 2452 amorem,
708 2393 738 2440 et
753 2399 856 2440 veram
871 2385 1050 2456 filialernque
1066 2382 1278 2438 reverentiam.

296 2472 403 2541 Nunc,
422 2477 672 2546 reverendissime
690 2478 720 2532 in
739 2476 863 2535 Christo
884 2479 993 2547 Pater,
1012 2479 1129 2543 fateor,
1148 2471 1278 2532 dictitet
1362 2475 1363 2508 l

222 2567 292 2624 alias
318 2568 417 2624 fassus
445 2584 532 2638 sum,
556 2585 606 2624 me
629 2571 720 2628 fuisse
747 2581 832 2627 certe
851 2573 940 2628 nimis
968 2570 1026 2642 (ut
1043 2569 1168 2639 dicunt)
1186 2569 1279 2627 indis.

149 2709 151 2724 ,
222 2669 359 2727 cretum,
388 2678 490 2722 acrem
508 2672 539 2740 et
558 2665 778 2722 irreverentem
798 2653 955 2722 inn¹omeu
973 2665 1082 2722 summi
1101 2663 1275 2721 Pontificis:

221 2765 254 2812 et
281 2757 354 2814 licet
374 2743 526 2812 acerrime*
542 2757 652 2813 fuerim
673 2760 703 2814 in
724 2759 803 2816 hanc
822 2759 1053 2815 irreverentiam
1072 2757 1277 2836 provocatus,

220 2859 321 2906 tamen
347 2867 449 2908 meum
481 2851 574 2910 fuisse
598 2869 678 2909 nunc
696 2851 847 2925 intelligo,
876 2855 1061 2922 modestius,
1080 2853 1226 2909 humilius
1246 2861 1277 2907 et

221 2949 411 3004 reverentius
438 2947 519 3004 hanc
544 2949 701 3005 materiam
726 2958 877 3029 tractare,
903 2957 934 3004 et
953 2966 1013 3004 non
1033 2949 1073 3003 ita
1091 2949 1276 3020 respondere

181 3105 187 3113 ι
220 3037 331 3108 stulto,
350 3051 383 3096 ut
401 3043 426 3096 ei
443 3043 547 3100 similis
567 3042 714 3102 efficerer.
747 3045 798 3100 De
817 3061 878 3118 quo
893 3043 1095 3100 sincerissime
1114 3042 1228 3110 doleo,
1246 3050 1278 3100 ct

179 3131 181 3136 ’
222 3132 341 3187 'veniam
368 3143 459 3206 pcto,
484 3149 514 3192 et
539 3155 593 3208 pcr
620 3125 851 3212 omnia'pulpite
870 3139 900 3195 in
925 3139 1032 3216 vulgus
1056 3135 1276 3210 promulgabo,

219 3223 298 3278 sicut
319 3237 348 3282 st
369 3229 475 3298 saepius
488 3229 552 3300 jam
574 3231 653 3299 ieci,
670 3233 809 3306 daboque
827 3233 967 3304 deinceps
988 3247 1127 3303 operam,
1147 3239 1181 3286 ut
1201 3230 1277 3285 aliua

220 3318 292 3380 sim,
310 3331 340 3374 et
355 3320 441 3374 aliter
458 3322 581 3394 loquar,
598 3323 669 3380 Deo
686 3328 863 3384 miserente:
882 3326 943 3379 imo
961 3325 1184 3395 promtissimus
1197 3339 1279 3403 sum¹

220 3425 309 3482 atque
330 3415 469 3470 facillime
487 3418 652 3487 promitto,
676 3437 725 3474 me
745 3420 874 3492 posthac
894 3419 1050 3497 materiam
1067 3419 1103 3471 de
1121 3417 1278 3496 indulgen.

220 3504 269 3558 tiis
289 3513 350 3562 no'n
370 3519 520 3579 tractare,
540 3521 630 3581 atquc
646 3511 694 3567 itis
714 3511 803 3578 linitis
822 3512 994 3584 quiescere:
1013 3512 1105 3566 modo
1124 3510 1183 3566 illis
1199 3529 1277 3583 quo.

220 3611 278 3666 que
297 3603 405 3656 modus
423 3605 612 3674 imponatur,
641 3615 691 3658 aut
711 3601 931 3662 sermonis'aut
951 3605 1078 3673 silentii,
1105 3605 1156 3677 qui
1173 3621 1225 3660 me
1246 3605 1277 3661 in
1311 3595 1318 3616 ⁸

219 3688 297 3745 hanc
317 3696 491 3761 tragoediam
510 3698 744 3776 suscitaverunt.
1067 3687 1071 3694 “

290 3783 461 3858 Caeterum,
487 3792 529 3846 mi
551 3793 801 3848 reverendissime
820 3794 851 3848 in
874 3793 998 3862 Christo
1012 3809 1058 3848 *ac
1075 3793 1141 3864 Jam
1163 3791 1277 3848 doleis.

219 3875 299 3935 sime
310 3877 423 3948 Pater,
442 3895 587 3953 quantum
606 3888 643 3940 ad
661 3887 815 3943 sententiae
831 3868 991 3946 veritatem
1007 3887 1159 3958 pertinet,
1178 3887 1276 3942 liben.

218 3967 332 4064 tissime
352 3975 452 4030 omnia
473 3991 673 4046 revocarem,
697 3989 759 4036 tam
778 3991 852 4051 tuo,
873 3971 964 4053 quam
982 3981 1087 4038 vicarii
1108 3979 1168 4036 mei
1184 3981 1276 4052 jussu

218 4072 248 4118 et
263 4065 409 4136 consilio,
435 4067 460 4122 si
479 4068 541 4123 ullo
561 4072 654 4126 modo
673 4075 858 4132 couscientia
882 4091 949 4131 ntea
965 4066 1169 4148 permitteret.
1189 4053 1273 4144 ‘Ego
