2756 4558
594 309 706 418 rste]
949 383 970 399 ι.
1098 355 1156 423 291

107 513 139 560 tc
167 517 203 560 os
232 505 358 561 alienam
375 499 498 562 ?'Tum
526 507 690 563 Phaistos:
721 505 752 562 Si
767 501 902 580 glorium
919 517 1020 564 meum
1038 526 1158 584 quaero,

105 598 244 673 plotium
268 618 336 654 mea
358 599 437 654 athal
461 607 505 654 cst
560 600 603 655 Ε(
622 603 860 678 Ριονεώίοιυηι
885 611 972 659 autor
998 606 1160 676 Salomon,

105 693 272 748 hareditas
291 693 432 767 (inquit)
450 693 495 749 ad
510 711 600 769 prtum
618 697 650 752 in
666 695 819 768 principio
833 695 1029 767 sentinatur,
1049 702 1078 759 in
1088 700 1161 771 fine

105 787 308 845 benedictione
331 787 455 846 carebit.
501 791 608 847 iustus
637 793 714 846 enim
743 793 796 858 (ot
819 793 972 866 Scriptura
1001 775 1092 864 dicit)
1131 797 1188 878 in,

105 885 257 958 principio
280 899 341 940 non
369 895 414 940 cst
430 887 582 956 jactator,
613 887 666 942 sed
697 885 957 955 accusator-'suia
990 885 1161 946 Pharisaeus

106 991 209 1034 autem
241 979 341 1054 primo
368 990 414 1036 eet
443 981 580 1037 laudator
601 977 683 1048 ’sui,
721 981 808 1038 simul
833 991 992 1040 accusator
1026 986 1162 1040 omnium

106 1073 248 1129 aliorum.
312 1123 315 1132 ,
401 1095 404 1107 ·
608 1077 609 1082 ’

176 1167 227 1222 De
244 1166 341 1224 Eccio
362 1176 469 1224 nostro
491 1176 590 1224 autem
609 1183 646 1224 eo
670 1169 785 1226 facilius
807 1171 918 1239 credo,
937 1171 1070 1242 jactasse
1092 1189 1163 1228 eum

105 1261 274 1333 victorias,
312 1279 373 1334 quo
396 1265 459 1334 jam
485 1263 558 1319 olim
581 1260 654 1318 mihi
683 1273 729 1319 est
757 1265 908 1335 ingenium
931 1265 1064 1321 hominis
1095 1281 1165 1338 per.

105 1367 265 1430 spectum,
291 1365 323 1411 ut
343 1357 445 1426 gloriae
471 1358 674 1413 miserrimum
693 1359 892 1431 mancipium:
921 1367 985 1414 tum
1006 1351 1165 1430 quodjam
1218 1355 1219 1365 ’

105 1453 203 1522 magis
223 1463 369 1526 expertus
387 1469 474 1520 sum,
502 1453 602 1508 solere
624 1469 693 1508 eum
715 1454 744 1507 ia
768 1445 968 1523 disputatione
991 1453 1084 1524 magis
1105 1452 1166 1508 cri-

105 1548 214 1603 minari
238 1563 328 1620 quarn
348 1547 499 1620 disputare
507 1589 524 1616 ,a
543 1557 572 1602 et
595 1563 682 1602 more
708 1549 904 1602 indoctorum
925 1539 1165 1603 declamatorum

105 1651 229 1714 tempus
242 1641 388 1698 conviciis
409 1651 439 1697 et
458 1642 649 1698 contumeliis
664 1643 823 1699 homiuum
838 1644 977 1716 perdere.
1002 1638 1076 1698 Ideo
1091 1639 1167 1696 nihil

105 1737 239 1803 mirum,
266 1739 290 1792 si
317 1753 377 1792 non
403 1737 464 1792 nisi
489 1737 615 1806 gloriam
640 1746 763 1809 eluserat.
806 1737 886 1793 Mihi
909 1755 1003 1807 vero,
1033 1735 1084 1809 gui
1103 1737 1165 1808 jam
1194 1751 1197 1762 ¹

106 1833 186 1886 duos
211 1847 304 1886 annos
326 1831 426 1902 patior
448 1831 560 1887 multos
591 1832 738 1901 ejusmodi
765 1833 900 1888 victoriae
926 1825 1166 1900 jactarr‘tissimos
1206 1815 1209 1824 ¹

107 1935 139 1981 et
168 1926 349 1984 vanissimos
379 1926 560 1994 gloriator'es
589 1925 772 1996 rabidosque
798 1921 1027 1992 criminatoris,
1060 1925 1167 1979 deinde
1203 1923 1204 1926 ’

106 2021 281 2084 contemni,
308 2021 433 2090 nescio,
461 2038 525 2092 quaa
551 2027 657 2075 tartara
682 2019 754 2074 mihi
778 2021 937 2086 intentata,
956 2037 1015 2091 pro
1041 2017 1166 2072 minimo
1258 2063 1283 2092 ,Ι

107 2123 176 2178 cst,
199 2115 280 2169 hanc
297 2131 404 2170 eorum
428 2117 597 2171 simulatam
619 2115 744 2184 gloriam
768 2115 889 2184 audire,
915 2132 1047 2186 quorum
1073 2111 1167 2182 magis

106 2207 267 2276 misereri,
285 2225 374 2280 quam
395 2209 496 2282 pigere
521 2217 670 2279 oporteat.
707 2207 787 2264 Nam
807 2211 831 2264 si
854 2208 1038 2265 conscientia
1055 2199 1167 2262 'eorum

109 2303 193 2359 idem
216 2304 409 2374 gloriaretur,
437 2321 474 2360 ne
495 2289 634 2373 dubites,
664 2305 858 2378 sarisaeque
878 2301 1096 2373 gloriarentur,
1115 2319 1167 2356 ne.

110 2411 174 2469 que
193 2399 430 2454 criminarentur.
563 2391 567 2398 ’

148 2526 151 2537 ,
180 2491 294 2547 Tamen
325 2503 358 2548 ut
386 2493 441 2549 tibi
467 2493 665 2562 satisfaciam,
693 2495 830 2552 breviter
853 2485 917 2550 rem
942 2497 1037 2568 ips'am
1059 2507 1167 2548 secun.
1240 2555 1243 2563 y

108 2587 183 2642 dum
210 2587 368 2642 veritatem
393 2587 583 2654 describam,
609 2591 700 2644 etita
726 2591 914 2660 describam,
945 2601 979 2645 ut
1001 2589 1167 2656 intelligere

72 2730 75 2736 .
106 2683 234 2754 possis,
270 2683 503 2754 disputationem
531 2683 610 2738 illam
639 2685 731 2764 luisse
767 2687 968 2756 perditionem
999 2683 1168 2753 temporie,

109 2793 173 2830 non
192 2777 415 2849 inquisitionem
432 2775 584 2834 v‘eritatis:
610 2779 715 2834 deinde
743 2779 870 2835 Eccium
890 2777 1104 2858 Eccianosquq
1128 2773 1168 2828 si.

107 2858 225 2927 inritare
247 2874 390 2942 ingloria
413 2875 509 2936 aliud,
530 2882 561 2926 et
582 2873 659 2928 aliud
681 2875 792 2928 sentire
815 2875 843 2928 in
863 2871 1060 2928 conscientia.
1086 2869 1168 2926 Nam
1245 2906 1246 2912 ι

107 2969 311 3039 quantumin
334 2967 429 3024 Eccio
459 2969 536 3036 luit,
569 2969 632 3021 fere
653 2968 751 3022 nullus
771 2984 882 3038 scopus
903 2975 1002 3020 tactus
1023 2973 1091 3019 est:
1120 2962 1167 3016 siu

105 3071 209 3118 tactus
234 3072 304 3132 est,
326 3079 387 3117 aon
413 3063 469 3119 nisi
496 3062 661 3116 notissimis
686 3070 716 3115 et
746 3062 836 3130 vulgo
869 3059 1054 3132 proculcatis
1082 3069 1179 3124 argu..

107 3157 220 3212 mentia
245 3167 393 3211 certatum
417 3167 473 3212 est.
514 3153 593 3210 Nam
614 3154 700 3209 Deus
721 3156 831 3220 novit,
858 3157 939 3222 quod
962 3161 1058 3207 totam
1079 3149 1169 3208 istam

108 3251 344 3306 conclusionum
361 3233 524 3307 cohor‘tem
543 3252 639 3306 multo
657 3251 755 3304 acrius
777 3259 807 3303 et
826 3249 951 3302 validius
972 3232 1068 3300 nos‘tri
1086 3241 1168 3319 ivit.
1204 3239 1209 3244 '

106 3346 338 3420 tombergcnses
357 3347 476 3402 duobus
497 3347 579 3400 annis
601 3341 850 3418 oppugnaverunt
872 3354 902 3397 et
919 3343 958 3396 ita
977 3339 1181 3420 examinare.⁸

78 3477 83 3485 ,
106 3451 201 3510 runt,
226 3451 260 3495 ut
280 3459 348 3498 ossa
369 3455 478 3495 earum
492 3456 650 3493 numerare
673 3437 810 3503 licuerit,
838 3453 911 3510 quas
930 3434 1043 3489 Eceius
1065 3431 1119 3486 vix
1140 3430 1170 3484 iu

105 3534 188 3590 facie
213 3535 292 3590 cutis
319 3537 426 3589 leviter
451 3535 645 3606 perstrinxit:
672 3534 727 3588 nisi
750 3533 831 3604 quod
856 3521 952 3587 multo
977 3527 1086 3583 fortius
1110 3523 1171 3580 cla.

104 3629 204 3690 mavit
225 3647 282 3682 uua
300 3631 394 3690 liora,
424 3646 514 3700 quam
533 3621 731 3695 uos'integris
752 3627 871 3682 duobus
893 3625 994 3691 annis,
1026 3640 1059 3677 ac
1079 3620 1172 3691 gesti.

103 3709 168 3778 bus
186 3711 356 3778 immaniter
372 3725 514 3778 fastuosis
530 3733 560 3778 et
580 3724 720 3792 'gloriosis
740 3723 828 3777 etiem
851 3737 883 3775 se
903 3721 1002 3790 ipsum
1025 3717 1170 3785 clamato.

104 3833 176 3872 reru
194 3835 338 3888 superare
355 3819 432 3874 velle
452 3819 532 3872 visus
549 3829 604 3872 est.
629 3819 693 3876 ¹His
710 3817 789 3873 enim
805 3815 951 3874 moribus,
974 3829 1044 3868 sene
1059 3807 1169 3880 quietis
1205 3819 1207 3824 ·

106 3923 140 3968 et
159 3915 351 3984 tranquillis,
371 3914 525 3984 pacificam
543 3915 623 3968 illam
641 3927 671 3964 et
689 3912 718 3964 iu
738 3911 857 3965 silentio
879 3925 914 3963 ac
932 3907 1077 3976 mysterio
1096 3917 1169 3973 pro·

106 4006 288 4064 fundissime
308 4009 556 4093 quietissimeque
581 4009 723 4062 latentem
749 4005 933 4074 theologiam
954 3997 1090 4074 quaesivit
1110 3995 1170 4048 hu.
1200 4057 1204 4071 f

107 4118 228 4174 cunque
249 4101 383 4159 Ecciana
397 4105 562 4160 ‘arrodeatia
599 4103 644 4157 ita
663 4117 711 4156 me
731 4086 819 4158 Deus
840 4107 939 4165 amet,
958 4093 1045 4150 lateri
1060 4104 1168 4158 cogor,

1268 1094 1273 1124 l
