2716 4556
201 355 263 474 sse
499 451 504 458 ¹
600 413 606 424 ,
681 347 770 415 tstn
872 353 877 360 ·

202 515 333 581 malum,
361 510 567 583 iniquitatem,
590 525 650 564 non
671 507 795 577 effugies
814 519 868 571 et,
896 504 1012 573 quaein
1037 499 1164 578 epistola
1179 518 1251 558 ntea

201 609 322 680 scripsi.-
337 591 453 661 'ln'vnni
476 604 671 672 cogitationes
693 615 779 674 tuas,
799 601 896 658 Ecci?
928 600 1039 676 Quidni
1061 595 1250 654 invenirem?

203 721 273 760 cunt
296 703 324 757 in
345 699 403 756 had
424 700 637 770 expurgatione
660 709 692 754 tu
714 701 778 771 ipse
798 695 946 780 vocabula
966 693 1021 750 ista
1039 695 1084 750 sie
1104 694 1254 763 interpre-

203 802 295 870 teris.
329 783 382 866 per¹
408 811 472 866 quae
497 793 618 864 Lipsiae,
647 795 696 848 ubi
719 795 854 848 sincerus
883 801 914 845 et
941 801 1062 860 apertus
1090 789 1251 844 veritatem

204 893 378 968 quaerebas,
397 893 485 959 longe
505 890 582 944 atiud
601 889 721 944 occulte
740 885 860 956 intelligi
879 885 1001 942 volebaa
1019 897 1051 940 et
1068 884 1200 940 sinebas.

273 1057 352 1112 Audi
367 1009 471 1124 igitur,
491 1053 669 1110 amicissime
684 1053 819 1108 veritatis
827 1055 942 1121 tutor,
954 1051 1005 1106 nbi
1026 1067 1158 1121 unquam
1179 1049 1253 1118 legi.
1341 1063 1342 1138 }

205 1153 262 1222 sti,
282 1163 457 1224 peccatum,
475 1151 596 1215 malunt,
616 1149 801 1220 iniquitatem
819 1164 952 1219 pronon
967 1147 1128 1202 meritorio
1144 1145 1252 1216 accipi,

204 1247 261 1303 nisi
288 1247 318 1302 in
342 1242 400 1303 tuis
424 1242 589 1313 Pelagianis
609 1244 765 1298 erroribus
785 1241 1005 1314 scripturaque
1031 1239 1256 1312 depravationi.

205 1341 286 1398 bue?
316 1339 384 1415 Qua
415 1341 582 1411 scripture,
611 1354 668 1410 qna
705 1338 819 1392 ratione
843 1338 967 1394 niteris?
999 1337 1110 1410 quibus
1140 1333 1256 1392 viribus

206 1431 365 1502 defendes,
383 1451 420 1490 ne
437 1434 615 1496 hacreticus,
635 1431 696 1487 hoc
712 1431 1015 1504 significationisjure
1031 1433 1147 1500 fretus,
1168 1437 1257 1498 neget

130 1545 136 1550 ·
204 1537 362 1598 peccatum
381 1519 409 1584 in
429 1529 591 1598 scripturis
611 1527 781 1597 contineri,
808 1527 863 1583 sed
881 1529 980 1583 omnia
1001 1543 1148 1583 essenon
1167 1523 1259 1586 meti.

206 1619 285 1676 tonia
311 1623 493 1680 contendat?
521 1623 637 1678 Siccine
661 1621 759 1678 illudis
785 1621 879 1678 verba
901 1621 1042 1690 Petrum,
1073 1637 1141 1692 quae
1166 1619 1258 1676 etiam

206 1713 367 1785 Scripturas
393 1715 474 1774 soles
504 1715 669 1787 praeferre?
702 1715 760 1772 lata
789 1725 835 1772 eat
863 1716 1011 1785 medulla,
1039 1727 1132 1786 quarn
1156 1719 1207 1768 nie
1226 1713 1258 1768 in

127 1787 131 1806 ’
179 1809 296 1880 'dictis
316 1796 441 1886 Ptttrttrn¹
459 1813 557 1881 jactas
580 1828 639 1866 non
658 1811 789 1868 videre?
818 1813 867 1867 Sic
894 1811 1022 1867 didicisti
1048 1827 1105 1881 pro
1130 1809 1257 1863 veritate
1342 1873 1343 1886 χ

207 1901 381 1974 disputare,
413 1915 445 1961 ut
463 1905 540 1961 aliud
564 1922 668 1962 coram
686 1905 861 1962 hominibus
879 1904 1036 1976 loquaris,
1054 1913 1084 1959 et
1105 1903 1189 1957 aliud
1208 1917 1258 1973 pe.

206 2013 261 2056 nes
291 2011 320 2054 te
352 2001 518 2071 intelligas?
543 2000 622 2056 Vere
641 2011 760 2073 apertus
780 2010 811 2055 et
828 2000 964 2056 sincerus
983 1997 1114 2060 Eccius,
1142 1995 1259 2067 qualem

207 2109 315 2149 omnes
336 2105 464 2168 norunt,
482 2111 572 2168 quatu
590 2112 652 2152 non
672 2105 786 2169 quaerat
802 2094 948 2166 gloriam,
968 2109 1057 2166 quam
1074 2101 1192 2164 quaerat
1208 2105 1259 2146 ve.

207 2187 330 2242 ritatem
350 2181 436 2260 pure.
642 2183 645 2190 ’

204 2393 207 2400 .
277 2345 306 2404 0
332 2351 489 2434 maledicta
519 2356 600 2422 dies,
626 2335 657 2411 i'n
681 2373 739 2428 qua
763 2362 850 2411 natus
875 2369 942 2410 eum
965 2351 1019 2424 (ut
1039 2368 1110 2410 cum
1126 2351 1260 2410 «Ieremia

208 2439 329 2508 dicant)
348 2445 451 2500 videre
470 2447 498 2501 in
518 2447 670 2520 theologis
689 2461 750 2504 tant
771 2449 957 2520 impudentes
975 2448 1191 2504 simulationes.
1206 2445 1262 2503 tu.

207 2535 252 2592 tut
276 2535 386 2592 mirum
410 2541 553 2612 proinde,
581 2544 605 2598 si
628 2553 688 2596 tant
704 2544 791 2597 anxie
809 2543 854 2598 via
879 2543 988 2598 laudari
1012 2552 1139 2616 apertus
1154 2551 1183 2596 et
1200 2541 1262 2597 sin.

205 2604 309 2688 cerua.
347 2631 408 2722 Qui
431 2635 510 2688 enim
529 2635 589 2692 isto
607 2603 844 2708 mritoapertus
864 2607 913 2705 es,
938 2654 1029 2710 quem
1048 2639 1196 2710 reliquunt
1218 2637 1262 2692 ta.

209 2724 271 2796 citt,
291 2727 342 2798 qui
359 2729 451 2797 magis
472 2729 600 2799 indigeat
618 2729 704 2786 laude
725 2731 804 2788 haot
824 2731 982 2800 Obsecro,
1001 2732 1124 2787 laudent
1137 2731 1265 2804 Lipsett.

197 2835 260 2892 „aes
278 2831 416 2892 apertum
431 2821 575 2880 Eccium:
599 2823 719 2880 laudent
739 2841 844 2881 omnes
863 2841 941 2896 quoa
955 2825 1075 2896 jactas,
1103 2829 1193 2882 etiam
1211 2843 1265 2882 vo.

211 2913 302 2969 cibus
323 2915 507 2987 stomensis,
530 2935 587 2974 neo
611 2919 656 2976 sic
681 2919 752 3008 satis
777 2929 806 2974 tc
823 2920 998 2980 laudabunt.
1030 2920 1132 3002 ll’antn
1151 2931 1266 2978 estne.

211 3009 351 3068 cessitis.
366 3053 368 3058 -

279 3147 362 3224 Quin
387 3158 418 3206 et
442 3167 500 3220 ego
523 3169 592 3208 cum
607 3153 935 3226 Wlttembergenslbtta
959 3155 1115 3248 lauduinus
1141 3164 1173 3212 et
1195 3153 1266 3210 diei.

211 3241 295 3300 mlle:
324 3244 434 3302 Omnia
451 3262 522 3301 veta
538 3248 646 3304 scribis
665 3260 702 3304 et
713 3249 802 3306 dicis:
821 3249 947 3306 Lutheri
965 3251 1092 3321 epistola
1109 3249 1267 3306 falsissima

124 3347 127 3356 ’
152 3375 155 3381 .
211 3349 280 3408 eat,
300 3339 437 3410 injuriam
458 3341 513 3398 tibi
534 3341 620 3408 lecit,
639 3343 702 3412 ipse
720 3345 848 3418 denique
864 3359 929 3400 eam
949 3353 1085 3400 revocat.
1123 3343 1268 3420 Quidvis

163 3483 165 3487 .
211 3434 363 3505 amplius?
387 3435 459 3490 dnm
485 3435 677 3491 verissimum
703 3449 768 3502 eat,
792 3449 872 3495 stare
888 3439 1030 3496 meritum
1049 3441 1198 3508 congrui,
1213 3437 1272 3493 Jo-

212 3525 320 3584 h'annis
338 3529 418 3586 lluss
435 3531 595 3586 articulum
613 3549 674 3587 non
690 3549 757 3589 esee
773 3534 971 3590 christianum
987 3543 1018 3589 et
1036 3543 1143 3590 tuam:
1172 3543 1272 3588 aeetae
1307 3556 1310 3565 ¹

213 3619 469 3678 scholasticorum
486 3627 648 3682 doctorum
666 3645 682 3682 a
705 3637 736 3682 te
754 3646 815 3685 non
834 3629 951 3699 negati:
969 3629 1113 3684 servilem
1130 3629 1273 3682 timorem

215 3709 356 3784 (idest,
380 3727 537 3787 peccatum
557 3729 588 3778 et
612 3719 822 3792 iniquitatem)
851 3739 919 3780 esse
940 3723 1056 3778 initiunt
1080 3722 1272 3792 poenitantiae,

215 3823 305 3878 quam
326 3810 434 3880 alioqui
454 3814 483 3866 in
505 3816 598 3884 gratia
619 3816 682 3874 lieri
705 3826 845 3889 oportet,
864 3819 933 3889 quia
952 3817 1108 3889 peccando
1134 3816 1185 3884 (id
1206 3827 1274 3879 θὸῑι

214 3918 276 3956 non
300 3903 468 3974 merendo)
486 3915 516 3961 et
536 3907 692 3980 iniquitate
709 3910 759 3978 (id
778 3919 840 3981 cat,
864 3929 926 3967 non
945 3921 1030 3982 grato
1049 3909 1169 3982 opere)
1198 3909 1276 3964 inci.

215 3997 313 4066 pimus
338 4001 447 4056 mereri
472 4017 507 4056 ac
531 4013 648 4070 gratum
675 4005 786 4062 lacere.
834 4001 969 4075 Vicisti,
990 4004 1203 4078 triumphauit
1234 4003 1275 4058 sit

215 4089 308 4156 gloria
327 4092 489 4162 gloriarum
509 4095 626 4165 Eccio',
646 4099 696 4171 qui
715 4099 858 4170 obtinuit,
875 4099 1005 4157 liberunt
1022 4099 1182 4156 arbitrium
1203 4109 1277 4154 ante
