2756 4558
574 322 682 408 idid„
832 399 834 402 ,
1032 320 1036 330 ’
1096 327 1157 397 293
1181 352 1185 382 t

102 465 286 549 ederentur,
316 477 372 536 nisi
388 469 543 551 juttcitius
568 479 745 536 nominetitn
768 441 1028 537 et'oommuniter
1052 481 1162 568 slsctiu

104 575 226 644 oblata,
251 574 439 646 accepissent
462 573 651 633 senteutiam.
698 573 843 632 Additum
867 584 913 630 est
931 583 1157 644 commentum.
1269 595 1274 605 ·

103 686 168 742 quo
189 669 275 726 velut
298 665 513 726 honestissimo
535 669 623 724 titulo
643 667 705 725 hoc
726 669 927 739 loedilregium
947 669 1024 741 apud
1049 669 1158 727 idiotas

102 771 282 837 ornaretur,
300 761 441 820 videlicet
460 771 603 836 oportere
616 763 735 834 ,iudices
752 773 856 819 certos
880 761 1016 830 habere,
1036 778 1114 837 quos
1133 763 1159 822 si

103 873 337 928 recusaremus,
356 857 417 930 lam
436 856 603 926 haberent,
621 875 683 928 qno
705 859 735 916 iu
758 857 860 915 odium
879 839 960 928 vulgi
982 874 1039 914 nos
1057 857 1160 915 trahe.
1218 863 1220 877 ·

103 961 192 1022 rent,
211 961 243 1008 et
261 953 430 1023 jactarent,
448 951 529 1008 nollo
543 951 660 1008 scilicet
678 969 737 1008 nos
755 953 816 1023 peti
834 949 914 1009 nllus
923 951 1053 1024 judices.

174 1048 221 1104 lta
241 1047 422 1104 solidissima
441 1047 553 1103 veritas
564 1043 650 1104 Eccii
667 1059 698 1105 st
716 1045 920 1104 Eccisnorum
936 1047 1045 1103 metuit
1057 1047 1160 1104 lucens
1185 1061 1187 1072 ·

103 1148 138 1198 et
158 1117 338 1214 publicum,
365 1140 422 1197 sibi
445 1141 562 1198 scilicet
580 1141 696 1214 optime
724 1142 847 1200 conscia
859 1183 870 1212 ‚
904 1143 988 1216 qussi
1016 1141 1100 1200 orbis
1128 1141 1179 1199 st'

103 1235 257 1308 cujusque
282 1235 387 1309 optimi
407 1235 464 1293 viri
486 1235 635 1308 judicium
656 1253 762 1312 pamm
782 1238 841 1308 sit,
866 1252 928 1310 quo
947 1241 1070 1316 recepta
1089 1243 1160 1293 sunt

104 1339 171 1388 tum
186 1331 294 1398 mults,
313 1347 379 1403 quas
398 1333 470 1387 olim
490 1331 520 1389 S.
537 1330 645 1390 Petrus
662 1332 819 1396 dixerunt,
838 1333 1039 1405 scripserunt,
1060 1331 1162 1404 ‹lispu-

105 1433 262 1482 taverunt.
304 1425 455 1482 Fecerunt
478 1425 518 1483 ita
544 1427 648 1494 torte,
679 1426 761 1498 qnod
778 1425 899 1497 jndices
919 1427 987 1483 iuro
1004 1431 1162 1500 sperarent

105 1533 183 1588 eos,
201 1533 281 1591 quos
302 1518 334 1574 iu
356 1515 706 1592 Academiiatlpassitu
725 1529 926 1590 contrusus,
949 1537 1007 1594 pto
1028 1535 1061 1576 se
1080 1526 1162 1574 stare
1201 1533 1205 1541 ’
1261 1538 1266 1546 ’

106 1611 269 1669 sciebant:
297 1623 367 1682 aut,
405 1615 487 1685 quod
517 1615 612 1684 magis
641 1615 801 1686 suspicor,
822 1615 905 1716 pund
932 1613 1045 1670 Eccins
1074 1623 1162 1666 meus

106 1706 252 1762 conscius
273 1705 331 1763 sibi
352 1723 412 1763 non
437 1707 595 1764 intellectu
618 1723 635 1763 s
659 1722 693 1766 ιι
712 1709 875 1782 Scripturas
894 1707 1052 1764 latibulum
1070 1703 1162 1776 hujus

106 1800 303 1857 conscientias
325 1801 385 1858 hac
405 1802 522 1858 ratione
544 1811 702 1873 quaereret.
750 1803 832 1862 Nam
855 1801 911 1860 etsi
936 1812 983 1859 est
1008 1803 1105 1858 homo
1131 1798 1174 1854 iu*

105 1887 214 1952 literis
227 1895 366 1952 humanis
393 1905 424 1954 st
447 1895 639 1969 opinionibus
666 1899 857 1955 scholasticis
876 1897 968 1954 varie*
981 1903 1012 1951 et
1037 1894 1163 1966 copiose

107 1990 268 2046 conditus:
309 1998 410 2046 temen
442 2004 598 2048 sacrarum
630 1993 786 2048 litetur-um
823 2007 880 2061 ego
910 1991 1029 2046 inanem
1062 1984 1180 2061 inveni¹

106 2082 338 2155 disputatorem.
376 2082 470 2156 Quod
494 2085 569 2142 mihi
592 2076 650 2160 pro
667 2085 816 2144 modestia
835 2100 889 2142 sua
910 2083 1068 2154 ignoscet,
1095 2077 1166 2152 quis
1214 2141 1217 2146 ¹

106 2190 220 2233 verum
240 2178 329 2249 dico,
354 2188 386 2234 et
402 2194 460 2235 sno
478 2187 619 2274 tempusa
642 2179 800 2252 probabo,
824 2177 876 2236 ubi
897 2193 932 2234 es
952 2193 1023 2256 nou
1035 2173 1165 2232 suffoco.
1221 2231 1227 2236 ,

109 2272 190 2340 rint,
217 2283 281 2345 quas
305 2275 434 2346 ipsemet
461 2274 492 2330 in
514 2289 659 2347 papyrum
687 2273 793 2330 effudit
811 2271 985 2330 testimonis
1007 2266 1165 2343 imperitis

109 2366 206 2437 huius
226 2367 376 2424 credibilis
396 2367 496 2425 nimis.
538 2368 612 2426 Non
629 2369 712 2442 quod
729 2367 805 2424 mihi
825 2367 882 2424 soli
905 2366 1064 2423 vendicent
1085 2359 1167 2418 Scri.

110 2469 273 2532 pturaruns
287 2473 459 2519 senotarum
480 2461 638 2520 scientiam
657 2463 724 2531 (sic
740 2463 820 2519 enint
835 2477 886 2518 tue
905 2461 985 2520 solet
999 2455 1164 2524 criminari,

110 2555 234 2626 quando
259 2555 338 2612 alind
367 2557 458 2628 quod
477 2557 578 2628 dicat,
600 2573 664 2614 non
684 2565 733 2615 est
755 2557 791 2614 ad
816 2555 983 2624 manum),
1008 2539 1061 2611 sed
1082 2548 1166 2623 quod

110 2648 244 2704 arbitrer
258 2665 308 2705 me
324 2651 354 2706 in
371 2651 466 2708 sactis
481 2651 576 2708 literis
593 2661 709 2708 tautum
723 2659 879 2708 versatum
897 2659 928 2704 et
946 2647 1169 2710 exercitatum,

111 2751 149 2800 nt
171 2745 207 2800 tls
233 2745 408 2803 scholastici
430 2745 564 2818 theologi
589 2746 732 2814 scientia,
757 2746 808 2817 qni
830 2757 933 2801 sacras
955 2741 1057 2797 literas
1078 2738 1168 2795 virts

110 2835 215 2894 limine
232 2838 388 2903 selutdvit,
407 2839 523 2912 possim
538 2842 603 2898 sine
620 2840 757 2913 periculo
774 2835 983 2910 pronuntiare.

171 2932 287 2996 ‚Altero
303 2933 441 2991 machina
460 2933 527 2992 fuit.
564 2932 811 2994 Carolostadius,
825 2931 890 3002 jam
909 2943 973 2986 oon
988 2931 1093 2984 nostsr
1107 2917 1168 2992 ⁸),

110 3039 218 3082 secum
241 3027 518 3108 libtcslsttulsrat,
542 3043 613 3084 cum
640 3015 681 3083 sit
703 3023 921 3082 honestissime
940 3019 1110 3093 disputandi
1138 3025 1169 3071 et

108 3121 262 3177 tutissimo
286 3123 380 3190 rstio,
415 3137 455 3177 ex
480 3120 677 3194 praesentibus
707 3119 793 3177 llinis
826 3116 895 3174 locs
924 3115 1109 3178 ostendero,
1137 3115 1171 3165 ot

109 3217 193 3273 dicte
230 3215 278 3272 rel
312 3215 443 3288 probate
473 3216 524 3286 vel
557 3215 692 3270 refutare
705 3199 767 3278 Ὃς
809 3205 1074 3291 ιιιιςιο.ιιιιιιι1ιιι
1106 3201 1170 3258 hoc

109 3309 228 3372 Eccitm
247 3321 354 3387 nostor
375 3310 564 3367 detrectavit.
600 3305 681 3364 Num
698 3303 858 3361 videbatur
876 3300 1033 3374 cujusdem
1055 3295 1172 3366 compl.

110 3405 222 3461 latoris
244 3404 364 3488 iugenio
385 3413 416 3460 et
434 3418 527 3478 opera
546 3401 662 3471 iustus,
680 3398 791 3455 multas
809 3394 1038 3453 consarcinasse
1058 3389 1172 3447 autori.
1218 3417 1225 3430 ι

111 3507 192 3555 tates
222 3497 251 3554 8.
280 3497 432 3569 Petrum,
459 3495 632 3570 studioque·
650 3493 792 3551 factionis
820 3505 881 3547 suas
902 3485 1042 3549 suxisse:
1067 3479 1202 3574 abiu).
1315 3545 1318 3552 ,
1367 3519 1368 3528 ¹

110 3587 286 3666 perionius
300 3602 411 3662 ιιιιι,
444 3607 484 3650 us
518 3591 602 3670 sicut
631 3588 793 3662 aliquoties
824 3581 1091 3652 convincebatur.
1130 3580 1171 3638 ita

168 3841 202 3892 b)
230 3843 259 3888 l.
276 3840 302 3890 l·
318 3839 531 3889 Univsssitttlitns.

170 3921 203 3968 c)
229 3919 251 3964 Δ
274 3917 523 3966 senonensem.
551 3915 613 3972 stat
628 3913 753 3970 &institi
768 3910 871 3968 tntum
886 3908 971 3964 Mili·

123 4021 142 4058 ·.
171 3993 203 4046 ti)
232 3997 259 4042 Α.
278 3993 457 4045 &confutaret

172 4077 202 4124 s)
232 4076 258 4121 tt.
280 4075 305 4122 ἓ.
323 4069 369 4123 lbi.
