2714 4556
548 271 635 363 tsts.
885 347 887 355 ,
931 253 935 266 ’
1059 287 1117 350 tte
1181 276 1188 288 '

71 392 173 509 passim
196 432 417 500 admirerenlur
440 379 718 508 et'mpverentur:
750 428 791 485 lbi
816 445 873 501 ego
892 449 907 486 a
928 365 1116 496 multisltum

74 528 280 595 lerniliaribus„
311 535 377 581 tum
407 525 515 594 ignotis
547 524 641 585 iscis,
673 505 800 592 logatub
833 528 933 584 multis
965 531 1058 588 literis
1085 547 1116 593 et

73 622 247 694 colloquiis,
281 621 353 691 quid
377 619 451 674 mihi
483 618 520 672 de
549 617 676 672 istorum
702 619 867 674 verborum
895 627 1025 682 novitate
1056 629 1116 699 (ns

73 718 158 772 dicam
176 715 319 780 licentia)
338 714 500 768 videretur.
536 711 769 766 Dissimulabatn
789 714 975 786 aliquandiu:
996 725 1116 784 tandem
1157 777 1160 784 ⁴

72 811 208 880 urgebant
230 806 485 879 disputationibus
511 804 632 862 scribtus
654 813 748 878 iisque
766 809 808 862 ed
831 811 997 880 periculum
1019 823 1118 886 ponti.

72 903 156 960 licalis
173 902 366 958 reverentiae.
428 955 432 962 ,

130 995 194 1066 Ego
228 1011 304 1050 vero
338 991 410 1065 quid
437 994 597 1048 foceremi.
618 991 689 1048 Non
724 1001 789 1048 erat
818 1010 918 1052 meum
944 1001 971 1054 in
997 1003 1054 1060 liae
1082 1026 1116 1064 re

73 1093 227 1163 quidquam
252 1097 402 1150 statuere,
428 1097 457 1140 et
476 1086 603 1141 verebar
624 1087 682 1142 illis
708 1091 938 1159 contradicere,
958 1111 1035 1164 quos
1054 1113 1118 1158 nou·

71 1187 121 1240 nisi
144 1187 216 1239 vers
244 1183 422 1254 predicasse
445 1181 601 1252 cupiebam
630 1181 725 1235 videri
756 1197 846 1254 quarn
878 1189 1032 1246 maxime:
1066 1195 1115 1252 isti

72 1295 139 1334 vero
174 1279 219 1334 sic
248 1277 402 1333 instabunt
430 1277 616 1334 evidentibus
645 1277 826 1344 argumentis
860 1279 932 1333 falsa
962 1295 992 1337 et
1020 1287 1117 1344 inania
1166 1317 1169 1324 ·

71 1351 221 1443 prebere,
250 1381 363 1428 atomo
394 1370 490 1438 (vera
518 1369 636 1435 fateor)
665 1371 788 1424 omnino
810 1373 995 1442 captivarent
1025 1393 1115 1452 atque

72 1467 295 1522 concluderent.
335 1481 360 1540 1·

99 1557 105 1568 “
134 1559 173 1616 Ut
196 1577 270 1630 ergo
298 1559 435 1630 utrisque
463 1559 686 1626 satisfacerem,
711 1559 810 1614 virum
838 1571 884 1616 est
912 1563 940 1618 id
965 1569 1116 1637 optimum

73 1655 243 1717 consilium,
269 1655 407 1724 utrisque
428 1669 526 1724 neque
546 1651 719 1708 consentire
739 1669 837 1724 neque
861 1655 1035 1730 dissentire,
1062 1667 1117 1723 sed

74 1748 181 1802 interes
198 1747 233 1814 ²)
276 1749 313 1802 ds
345 1755 426 1804 tanta
458 1763 491 1800 re
518 1748 691 1818 disputare,
722 1747 819 1802 donec'
846 1747 983 1806 Ecclesia
1015 1773 1119 1816 sancta

75 1850 231 1909 statueret,
261 1842 333 1912 quid
360 1835 548 1896 sentiendum
579 1840 669 1894 foret.
712 1840 817 1910 ltaque
837 1845 921 1898 emisi
942 1847 1120 1919 disputatio.

73 1951 155 2006 nem,
178 1936 304 1990 inritans
334 1943 365 1989 et
387 1947 496 2002 rugans
518 1931 637 2006 publice
662 1947 784 1994 omnes,
807 1935 946 2004 privatim
967 1955 1059 2012 vero,
1083 1955 1118 2002 ut

73 2031 158 2098 novi,
181 2045 317 2102 quosque
339 2029 553 2094 doctissimos,
578 2036 612 2080 ut
629 2026 676 2082 vel
700 2041 754 2094 per
773 2027 874 2082 literas
892 2045 975 2086 suam
996 2049 1117 2094 senten.

71 2123 143 2178 tiam
165 2125 334 2194 aperirent:
369 2119 612 2197 quandoquidem
630 2121 659 2174 in
679 2120 715 2175 iis
739 2119 831 2176 rebus
857 2139 956 2194 neque
983 2129 1118 2202 scriptu.

72 2231 143 2285 ras,
166 2233 262 2290 oeque
285 2217 427 2272 doctores
455 2213 701 2281 ecclesiaticus,
733 2229 831 2286 neque
857 2217 940 2288 ipsos
968 2239 1130 2307 conones,¹

72 2321 184 2379 praeter
204 2307 525 2382 praeordinantes,
555 2319 584 2363 et
606 2308 749 2364 lros'sine
772 2319 860 2366 textu
880 2315 1059 2386 loquentes,
1085 2333 1116 2378 et

73 2404 189 2474 aliquot
204 2401 399 2460 ‘scholasticos
420 2403 565 2458 doctores
585 2401 722 2458 similiter
741 2399 915 2476 opinon'tes,
933 2411 1006 2466 nihil
1025 2398 1116 2472 etiarn

69 2497 248 2570 probantes,
265 2498 420 2568 suffragari
443 2497 516 2552 mihi
538 2498 681 2552 viderem.

135 2589 213 2648 Mihi
229 2593 259 2647 id
280 2607 351 2646 sone
366 2589 405 2658 b)
423 2589 558 2646 omnium
577 2589 823 2646 absurdissimum
845 2595 980 2667 videtur,
1006 2602 1117 2673 aliquid

71 2687 186 2743 scilicet
203 2685 233 2740 ib
248 2684 388 2740 Ecclesie
403 2685 464 2740 Dei
483 2683 636 2756 predicari
660 2693 690 2740 et
711 2687 822 2753 audiri,
840 2691 921 2758 quod
941 2695 1120 2752 cumbere.

71 2781 120 2836 tici
147 2781 424 2852 expostulaverint,
453 2781 531 2834 unde
552 2781 698 2834 rationem
720 2783 894 2848 reddemus,
921 2795 950 2838 et
973 2802 1029 2840 nos
1054 2807 1115 2846 non

70 2876 239 2947 possimus,
258 2875 415 2932 Christum
432 2871 463 2930 et
482 2873 653 2932 Ecclesiam
671 2875 735 2944 ejus
751 2867 952 2946 relinquamus
975 2881 1031 2937 iltis
1046 2885 1119 2941 ridi.

73 2971 169 3025 culum
187 2981 219 3024 et
238 2969 412 3026 ludibrium.
932 3030 934 3039 Α
1044 3043 1053 3050 .

131 3063 235 3120 Porro
253 3064 444 3120 scholasticis
463 3063 641 3132 doctoribus
662 3070 693 3116 et
714 3063 877 3118 canonistis
896 3077 1034 3140 constat,
1053 3074 1117 3130 nul.

68 3156 124 3212 lam
140 3159 247 3213 deberi
268 3175 284 3211 a
305 3157 394 3212 nobis
414 3158 519 3226 lidorii,
538 3161 609 3212 dum
629 3171 697 3210 sues
717 3145 877 3226 opinantur
894 3161 1070 3236 opiniones,
1087 3178 1122 3226 et

70 3259 101 3306 ut
125 3255 219 3322 vulgo
245 3242 372 3306 dicitnr:
402 3261 490 3323 turpe
520 3263 565 3306 est
592 3251 837 3323 juristarn,loqni
864 3242 927 3324 sine
959 3269 1061 3315 textu:
1088 3271 1118 3319 at

68 3347 161 3401 multo
180 3347 301 3418 turpius
320 3355 386 3430 εειτ
413 3345 590 3414 theologum
608 3346 691 3415 loqui
713 3345 776 3399 sins
794 3357 902 3415 tenta,¹
915 3365 975 3422 nop
999 3355 1117 3412 Aristo.
1148 3373 1150 3382 ’

68 3441 133 3496 telis
161 3442 233 3495 dieo
263 3441 356 3510 (nam
376 3441 457 3494 hunc
477 3441 558 3510 plus,
582 3441 685 3506 valde,
710 3440 814 3506 nimis,
833 3442 906 3498 setis
929 3443 1116 3518 loquuntur)

69 3537 117 3590 sed
131 3546 261 3602 nostro,
291 3535 409 3603 idest,
431 3535 593 3606 Scripturas
612 3551 723 3606 sacrae,
748 3549 918 3606 canonum,
937 3543 1118 3601 ecclesiasti.
1143 3607 1152 3616 ,

69 3645 176 3684 corum
199 3639 329 3702 patrum.
345 3663 352 3672 -
870 3634 872 3648 ¹

121 3883 158 3930 ai·
184 3879 247 3926 vit.
269 3881 283 3932 J
293 3891 340 3928 en.
358 3879 468 3926 interim.

122 3962 154 4010 tr)
185 3957 465 4010 viciensaueitl.
503 3973 506 3982 ·

152 4039 226 4120 stt.
247 4035 277 4106 1.
