2686 4560
108 319 114 344 ’
209 349 268 422 m
691 341 780 416 1⁵21.

191 507 198 528 ¹
211 507 330 564 rnairnit
347 516 372 556 rr
387 505 528 559 sociarunt
544 515 585 582 ινιτ
598 506 742 561 arntiisdrn
752 507 872 566 otnirsur
883 507 911 558 in
922 495 1105 566 mittente'iao
1123 511 1177 562 aas
1191 509 1284 559 aad»

210 599 254 649 not
265 599 308 648 nat
323 593 470 652 mininistros
484 597 552 646 astar
567 597 605 644 ire
619 597 696 654 narse
709 597 754 652 fro.

262 789 314 840 sn
335 743 547 839 nirisaneri.
566 786 970 841 ³13.b.b321.cod.ien.a.f.ttti.
987 786 1099 838 manrici
1119 786 1282 836 witness.

208 878 254 930 1x.
267 879 315 926 tos
329 875 430 931 Sensi.
444 877 495 928 482.
511 875 636 925 blitiri.
648 878 669 924 1.
679 875 729 923 7¹1.
746 873 845 926 itiit-
859 871 1007 924 XV1L569.
1021 874 1134 925 mato
1147 873 1283 922 XM&

211 1015 289 1073 ¹Suo
304 1015 339 1072 in
355 1013 491 1072 Domino
511 1011 645 1089 Georqio
661 1010 839 1082 spalatino,
861 1009 979 1070 Cirr-isti
995 1002 1181 1084 disemum,
1200 1012 1279 1068 Viro

134 1119 136 1126 ·
406 1122 409 1128 ’
617 1105 694 1164 bono
712 1113 740 1164 et
756 1106 851 1165 docto.

662 1257 830 1316 denus.-

205 1391 358 1486 Salutem.
393 1426 550 1484 Articuios
568 1423 775 1491 revocandos,
794 1424 834 1480 mi
854 1421 1023 1495 Spalatiue,
1044 1433 1077 1480 et
1096 1439 1150 1481 res
1170 1439 1279 1495 geren.
1340 1409 1341 1476 i

206 1527 259 1582 das
283 1543 298 1579 a
324 1537 374 1580 me
399 1523 588 1596 praescriptas
607 1515 722 1589 accepi.
757 1518 862 1574 Tune
881 1517 1003 1576 dubites
1019 1520 1100 1576 nihii
1117 1537 1170 1578 me
1185 1537 1279 1577 mo.

204 1629 366 1686 caturum,
384 1627 546 1688 postquam
559 1612 663 1680 video,
682 1627 743 1667 non
756 1611 814 1667 aiio
828 1627 882 1668 eos
895 1611 948 1667 niti
962 1625 1165 1684 argumento,
1181 1632 1275 1688 qnam

204 1711 286 1784 qnod
306 1720 412 1766 contra
427 1708 520 1764 ritum
542 1717 574 1764 et
592 1705 826 1762 consuetudines
842 1705 991 1763 Ecclesiae
1008 1709 1121 1781 (quem
1139 1710 1274 1780 fingunt)
1341 1775 1342 1788 ἦ

204 1805 390 1876 scripserim.
434 1800 640 1876 Respondebo
672 1815 745 1868 ergo
779 1799 892 1856 Cannio
924 1801 1135 1873 Imperatori,
1167 1805 1272 1860 soiius

204 1899 361 1974 palinodias
382 1913 472 1955 cansa
490 1906 633 1954 vocatum
648 1909 713 1963 me,
735 1909 796 1950 non
816 1903 996 1952 venturum:
1017 1898 1265 1980 qundoquidem
1341 1889 1342 1896 '

204 1995 286 2052 idern
298 1996 357 2058 sit,
375 2011 411 2051 ac
429 1993 533 2064 sijum
552 1992 624 2048 iiluc
640 1991 794 2046 venissem
813 1997 844 2044 et
860 1990 923 2044 huc
943 1989 1119 2050 rediissem.
1132 1991 1264 2050 Possem

205 2091 285 2146 enim
301 2101 333 2146 et
350 2089 404 2145 bic
422 2103 569 2144 revocare
579 2123 591 2156 ,
609 2087 634 2142 si
653 2067 858 2142 revocandum'
876 2093 959 2140 esset
977 2085 1095 2142 solum.

273 2184 423 2240 Ceterum
449 2181 474 2237 si
496 2197 547 2240 nne
572 2183 608 2240 nd
632 2179 832 2236 occidendum
857 2177 1000 2250 deinceps
1028 2197 1151 2238 vocare
1177 2181 1263 2250 velit,

184 2275 188 2286 '
203 2277 307 2334 ethan
324 2277 523 2349 responsione
544 2276 662 2346 imperii
679 2275 803 2330 hostem
819 2287 868 2328 me
884 2271 1046 2330 habuerit:
1067 2275 1202 2330 offirnm
1218 2293 1266 2330 me

203 2379 378 2426 venturum.
396 2370 507 2450 Neque
525 2369 605 2426 enim
624 2369 754 2439 fugiam,
776 2365 901 2422 Christo
920 2367 1079 2440 propitio,
1099 2369 1266 2426 verbumst

201 2465 232 2520 in
252 2463 317 2518 acic
333 2463 491 2535 reliquam.
528 2462 743 2520 Certissimum
761 2471 862 2516 autem
875 2459 993 2530 babeo,
1013 2461 1087 2518 ilios
1105 2479 1171 2520 non
1187 2465 1269 2535 quie.

110 2587 112 2599 ·
202 2569 290 2616 turos
307 2557 531 2629 sanguinarios,
549 2557 648 2613 donec
663 2557 833 2614 occiderint
848 2571 914 2611 me:
934 2571 1118 2630 quanquam
1133 2559 1200 2615 hoc
1217 2575 1266 2614 cn.

200 2653 300 2726 piam,
324 2669 363 2709 ne
384 2651 414 2709 in
433 2669 505 2708 meo
526 2654 668 2723 sanguine
689 2651 733 2708 rei
754 2651 843 2720 fiant,
868 2651 924 2706 nisi
944 2649 1102 2723 Papistae,
1127 2653 1267 2710 simodo

201 2756 322 2821 potero.
357 2747 451 2805 Plane
469 2763 591 2805 rursum
608 2748 680 2804 sacti
696 2759 801 2803 sumus
820 2753 943 2816 gentes,
964 2746 1074 2816 ductes
1090 2757 1164 2805 ante
1181 2749 1268 2806 Chri.

200 2850 283 2898 stum
299 2842 431 2898 fuimus:
450 2841 526 2900 adeo
544 2841 753 2898 Antichristus
773 2840 831 2898 iste
854 2839 1058 2897 astutissimus
1080 2858 1197 2912 regna,
1214 2859 1266 2902 sn.

200 2935 287 3006 cula,
305 2934 335 2990 in
356 2951 448 2992 manu
464 2951 519 2992 sua
536 2936 655 3008 captiva
674 2943 769 2992 tenet.
803 2935 869 2992 Fiat
889 2935 1030 2992 voluutas
1051 2935 1195 2996 Domini.
1214 2937 1261 2994 Tu

199 3029 325 3085 interim
336 3030 439 3099 suade,
458 3029 568 3102 quibus
590 3039 696 3102 potes,
715 3040 750 3087 ut
769 3030 918 3088 scelerato
937 3031 1169 3100 malignantium
1185 3047 1261 3088 con.

201 3123 273 3178 cirin
295 3139 358 3178 non
373 3123 565 3196 participem
936 3107 940 3114 '

187 3257 191 3277 .
269 3215 318 3274 Μ.
337 3216 474 3274 Indocus
493 3215 659 3288 Moriin*)
677 3228 741 3277 tres
766 3220 898 3276 florenos
922 3219 964 3294 D.
987 3219 1186 3293 Hieronymo
1209 3237 1265 3292 pro

200 3310 373 3373 scribarum
393 3312 495 3384 pretio
521 3312 639 3369 dedisse
664 3330 697 3370 sc
719 3313 811 3384 dicit,
837 3315 961 3370 dnturus
986 3324 1018 3370 et
1040 3315 1119 3382 alie,
1139 3317 1168 3372 si
1190 3331 1265 3387 opus

198 3405 308 3466 fuerit:
327 3405 419 3460 modo
436 3403 692 3478 soiut,'quantnm
706 3407 805 3464 adhuc
819 3407 988 3464 addendum
1006 3409 1065 3479 sit,
1086 3425 1266 3482 quanquam

201 3497 288 3570 inops
305 3507 337 3554 et
356 3513 471 3570 pauper
489 3498 561 3555 satis
579 3499 640 3562 sit..
944 3575 947 3582 .

268 3591 319 3648 Dc
340 3593 489 3648 Hebraico
515 3593 647 3649 lectione
669 3595 776 3665 saepius
796 3596 1010 3670 tractavimus,
1031 3607 1063 3653 et
1084 3607 1200 3654 nostro
1217 3599 1268 3670 ju.

78 3667 82 3680 ’
118 3739 122 3748 ,
200 3683 279 3741 dicio
297 3685 479 3754 Aurogailus
495 3685 568 3742 huic
584 3687 767 3758 professioni
784 3690 910 3747 idoneus
927 3701 990 3760 est,
1013 3707 1107 3762 quem
1125 3691 1265 3764 Prineipi

199 3777 404 3836 illustrissimo
426 3780 542 3850 poteris
561 3779 763 3838 subindicare.
798 3765 868 3838 nna
895 3785 973 3856 apud
997 3801 1056 3840 nos
1085 3801 1153 3841 non
1181 3799 1264 3844 sunt.

190 3871 361 3952 ¹Cunticum
386 3871 560 3938 magnificat
589 3874 759 3948 sub·preio
785 3877 944 3936 nascituri
974 3879 1104 3948 nescio,
1138 3881 1263 3953 qnando

149 4177 155 4182 α
252 4115 281 4163 *i
310 4111 342 4160 6.
354 4111 379 4158 t.
394 4111 441 4162 ds.
454 4117 478 4162 t.
492 4114 526 4164 29.
541 4115 602 4169 san.
