2756 4558
325 391 333 432 ι
526 269 669 430 'lina
932 275 976 312 ⁸
1098 309 1247 386 ris*

101 485 165 531 non
189 473 308 542 odisse,
337 465 436 539 itaut
463 474 493 530 in
519 481 667 546 utrunque
697 469 812 546 pultem
842 473 952 530 amoris
975 473 1162 545 impatientis·

52 603 57 610 ·
100 570 161 624 sim
191 567 286 623 nimio
312 567 577 637 vehemens‚-et,
608 577 642 622 ut
663 566 755 634 ,amici
783 566 824 620 illi
851 567 910 620 mei
942 567 1158 636 orimiaantur,
1224 559 1227 574 '

98 663 232 720 mordax
255 673 287 718 et
305 679 382 717 vene
397 662 558 730 gloriosus.
594 661 650 716 Sed
671 661 869 716 criminentur
885 675 954 730 me,
980 670 1014 716 ut
1032 661 1156 732 volent,
1174 715 1192 739 χ,

97 757 224 812 nomina
238 755 312 810 mihi
326 765 453 826 possunt
468 755 513 809 vel
528 753 603 810 mala
621 754 667 810 vel
684 754 763 809 bona
779 755 946 826 imponere,
965 756 1029 811 sive
1043 757 1156 828 primae,

98 848 165 906 sive
188 851 327 904 secundae
346 857 396 903 aut
416 851 506 902 etiarn
527 849 624 902 tertiae
645 846 839 916 intentionis,
872 849 933 904 imo
956 850 1156 922 impositionis
1223 853 1233 868 ‘
1285 911 1289 920 ,

98 943 159 1009 (ne
177 941 249 1014 quid
267 957 392 1013 peccem
411 943 442 998 in
461 942 617 998 dialectiea
634 939 783 1008 eornm):
804 959 869 996 rem
884 944 979 1015 ipsam
999 944 1159 1012 theologia

96 1051 254 1107 nunquam
279 1036 435 1102 ualerent,
466 1051 524 1092 nee
546 1051 681 1091 amorem
706 1037 785 1091 illius
806 1037 1004 1106 extinguent,
1030 1034 1155 1094 Christo

97 1130 246 1202 propitio.
280 1129 369 1200 Soio,
388 1129 458 1202 quid
477 1130 551 1186 mihi
568 1130 676 1186 fecerit
694 1129 879 1186 scholastica
900 1129 1072 1200 theologia,
1090 1133 1158 1186 scio*

97 1239 241 1291 rursum,
261 1224 332 1295 quiri
352 1226 379 1280 ei
400 1223 544 1292 debeam,
563 1223 679 1294 gaudeo
695 1241 744 1280 me
757 1233 900 1294 erutum,
920 1233 949 1280 et
970 1227 1079 1293 gretiss
1098 1241 1153 1294 ago

25 1365 29 1372 .
100 1317 245 1386 Christo,
263 1319 399 1374 Domino
417 1335 500 1374 meo.
518 1319 590 1376 Non
607 1329 653 1374 est
670 1319 752 1390 quod
767 1335 816 1374 me
835 1317 964 1374 doceam
982 1333 1065 1387 eam,
1081 1317 1154 1388 novi

100 1421 187 1472 eam,
208 1429 265 1467 nec
284 1413 367 1486 qnod
384 1414 547 1470 concilient
565 1397 745 1482 mihi'eam,
764 1414 837 1472 nolo
856 1429 933 1470 eam.

168 1505 280 1562 Patere
301 1523 398 1576 ergo,
425 1494 625 1564 illustrissime
645 1508 814 1580 Princeps,
840 1517 871 1564 et
889 1507 952 1564 boc
967 1524 1036 1564 meo
1058 1508 1153 1562 dones

99 1599 198 1654 amori
214 1616 308 1668 rogo,
327 1603 409 1674 qnod
427 1601 510 1658 huno
530 1602 664 1658 libellam
680 1602 736 1658 sub
753 1612 811 1657 tuas
824 1601 1049 1658 Dominationis
1064 1599 1152 1654 titulo

100 1693 241 1748 emittere
255 1695 347 1750 volui.
382 1693 452 1772 ,lam
468 1697 601 1751 secundo
616 1696 646 1750 in
660 1695 883 1766 Wittemberga
899 1705 950 1752 tua
969 1695 1153 1752 Psalterium

99 1785 268 1857 profiteor,
302 1789 478 1856 urgentibus
506 1799 537 1845 et
569 1790 759 1860 exigentibus
790 1789 912 1862 optimis
943 1787 1153 1856 auditoribus,

99 1879 211 1956 quibus
236 1881 404 1937 debitorem
432 1897 482 1936 rue
503 1899 569 1939 esse
589 1901 650 1938 non
670 1873 796 1956 possum
817 1899 935 1953 negare.
980 1882 1094 1936 Verum
1112 1882 1155 1935 ita
1243 1931 1246 1946 ,

98 1973 265 2046 proliteor,
284 1986 318 2028 nt
335 1976 429 2032 nolim
452 1976 489 2030 ab
509 1976 572 2030 ullo
593 1979 624 2032 id
646 1978 682 2032 de
703 1994 752 2033 me
773 1977 931 2050 praesumi,
951 1975 1033 2046 quod
1052 1973 1152 2030 nullus

98 2067 200 2122 adhue
240 2079 382 2140 praestaro
420 2070 521 2142 potnit
553 2073 813 2128 sanctissimorum
842 2080 874 2124 et
903 2067 1154 2124 doctissimorum

12 2209 20 2216 .
96 2159 247 2226 Petrum,
272 2163 301 2216 id
321 2173 384 2224 est.
411 2161 593 2220 Psalteriurn
617 2165 648 2224 in
666 2165 807 2221 omnibns
829 2163 962 2234 legitimo
984 2172 1075 2218 sensu
1093 2159 1151 2218 suo

98 2255 271 2324 intelligere
291 2264 320 2310 et
339 2258 463 2313 dooere.
497 2249 556 2314 'Sat
583 2268 629 2314 est
659 2260 774 2334 aliquot
797 2267 828 2314 et
857 2259 981 2314 eosdem
1006 2261 1153 2326 exparte

99 2349 305 2406 intellexisse:
328 2351 425 2407 multa
449 2351 506 2408 sibi
535 2363 671 2410 reservet
700 2353 845 2428 Spiritus,
870 2369 932 2425 quo
954 2365 1010 2407 nos
1032 2361 1154 2422 semper
1222 2381 1227 2388 ·

99 2443 268 2514 discipulos
293 2445 421 2516 hebent,
445 2447 541 2502 multe
562 2447 662 2503 solum
683 2447 831 2513 ostendit,
857 2455 891 2503 nt
910 2446 1038 2512 alliciat,
1056 2443 1153 2512 mults

98 2537 213 2606 tradit,
231 2549 264 2594 ut
283 2539 405 2608 afficiat,
426 2551 456 2596 st
474 2539 528 2608 (ut
545 2541 581 2600 B.
600 2543 786 2614 Augustinus
805 2541 947 2614 praeelare
968 2537 1066 2608 dixit)
1084 2537 1166 2610 nul„

99 2633 148 2686 lus
168 2649 300 2704 unquam
319 2635 503 2690 italooutus
524 2643 587 2704 est,
617 2647 651 2690 ut
671 2637 708 2692 ab
727 2637 867 2693 omnibus
893 2637 923 2690 in
943 2633 1084 2691 omnibus
1105 2631 1152 2686 in.

100 2728 307 2798 redigeretur,
323 2730 421 2784 multo
439 2730 534 2799 magis
551 2731 615 2802 ipse
634 2732 761 2803 Spiritus
772 2741 896 2786 sanctus
912 2728 995 2784 solus
1016 2725 1152 2784 omnium
1210 2721 1246 2770 ·'·
1336 2745 1344 2752 ·

99 2839 229 2878 suorum
246 2823 412 2878 verborum
429 2825 654 2894 intelligentiam
674 2825 777 2881 habet.

166 2919 324 2992 Quocirca
350 2907 477 2988 ingenue
506 2918 643 2974 conliteri
672 2935 721 2973 me
751 2923 890 2988 oportet,
913 2927 963 2968 me
990 2912 1159 2982 ignorare,
1211 2949 1214 2958 .

95 3013 263 3084 legitimam
287 3013 435 3079 habeam,
466 3028 523 3068 nec
540 3029 595 3078 ne,
620 3011 844 3080 intelligentiam
861 3008 1075 3074 Psalmorum,
1092 3005 1149 3081 etsi

97 3123 202 3162 nerem
221 3123 288 3162 esse
306 3123 368 3162 nnn
388 3102 539 3169 dubitem,
569 3121 658 3179 quam
678 3105 775 3161 trado.
810 3104 889 3161 Nam
911 3111 942 3158 et
962 3103 1063 3159 omnia
1084 3115 1150 3170 quse

95 3201 133 3256 Β.
152 3201 353 3270 Augustinus,
372 3200 591 3272 Hieronymus,
603 3199 801 3266 Athanasius,
819 3197 967 3262 Hilarius,
988 3193 1151 3252 Cassiodo.

68 3304 71 3311 ·
97 3311 170 3359 rue,
188 3293 280 3348 etalii
298 3293 585 3368 superaeternum
599 3293 803 3356 contulerunt,
822 3291 981 3346 verissima
995 3295 1078 3356 sunt,
1096 3285 1150 3342 sed

98 3405 117 3442 ιι
133 3403 226 3446 sensu
244 3387 339 3442 literne
361 3391 542 3462 quandoque
562 3387 774 3444 remotissima.
815 3385 856 3442 Et
875 3401 942 3442 mea
964 3397 1151 3456 quoquere.

96 3483 197 3538 ouuda
217 3481 284 3538 haee
302 3482 453 3554 professio
470 3500 487 3538 a
504 3483 601 3556 primu
618 3482 708 3549 longe
725 3481 845 3550 lateque
865 3479 985 3534 diversa
1006 3485 1070 3542 est,-
1094 3489 1153 3529 neo

96 3586 146 3638 est
167 3576 247 3634 liber
266 3577 297 3635 in
313 3577 438 3647 Bibliis,
465 3577 515 3649 qui
532 3593 582 3632 sne
601 3575 770 3653 diligentius
789 3571 982 3638 exercitaris,
1000 3571 1098 3628 donee
1120 3569 1153 3624 in
1240 3648 1242 3656 y

97 3671 368 3728 samosatenum
385 3673 541 3738 venerim,
555 3681 700 3744 oportere
721 3669 830 3724 nullius
855 3668 1152 3739 interpretationem,

95 3767 194 3822 modo
223 3767 269 3838 pie
292 3767 357 3828 sit,¹
374 3769 522 3840 reJieers,
543 3767 601 3824 nisi
620 3765 738 3830 talionis
756 3763 822 3832 lege
839 3776 959 3816 rursum
981 3762 1047 3833 quis
1067 3765 1153 3830 optet
1205 3781 1208 3788 ·

97 3858 199 3930 rejici.
245 3861 370 3917 Defecit
394 3865 444 3919 ille
467 3865 497 3920 in
520 3861 691 3933 aliquibus,
719 3868 752 3914 tu
772 3857 802 3911 in
827 3855 980 3928 pluribus,
1010 3853 1152 3920 nonnulla

97 3955 212 4022 video,
229 3939 291 4010 non
305 3957 370 4012 visa
384 3955 474 4012 beato
489 3957 674 4028 Augustino,
693 3969 814 4012 rursum
832 3949 926 4006 multa
941 3949 1062 4006 visuros
1074 3947 1151 4036 apio,

100 4051 321 4124 quaeipsenon
341 4049 440 4112 video,
539 4047 542 4054 ’
678 4039 681 4048 ¹
