2686 4558
549 327 638 394 teu).
975 379 978 390 .
1059 333 1115 397 501

59 485 143 557 quid
172 499 229 543 noe
255 501 317 542 non
342 499 522 558 queramur,
556 487 666 558 quibus
683 486 713 542 in
736 467 880 544 trecentis
898 488 981 546 eoois
1002 497 1116 548 tanturn

58 581 203 636 eccesait
218 581 420 651 corruptionis
438 593 472 663 ‘et
492 582 688 652 perditionis?

139 673 253 730 Nonne
267 689 373 728 verum
389 685 451 736 eat.
470 674 527 734 aab
542 681 629 730 vasto
645 676 705 731 iato
720 677 799 731 coeio
812 676 887 750 nibil
901 693 967 734 ease
981 679 1119 742 Romana

63 766 167 822 Curia
193 768 390 840 corruptior,
417 769 806 840 pestilentiuafodiesiuai
837 772 1119 844 Incomparabiiiter

62 861 153 916 enim
166 839 338 918 Tur‘oarum
355 863 449 918 vincit
467 863 670 934 impietatem,
688 873 721 918 nt
739 881 861 932 revera,
882 883 947 936 qum
965 868 1037 922 oiim
1055 877 1120 924 erat

26 971 32 985 ¹
57 955 161 1026 janua
181 957 270 1025 coeii,
289 967 368 1014 mmc
387 957 426 1012 ait
442 967 547 1028 patena
567 959 719 1028 quoddam
734 974 774 1014 ‚oa
795 959 924 1026 inferni,
944 970 974 1014 et
990 961 1050 1016 talc
1066 977 1119 1029 oe,

62 1052 156 1122 quod
174 1059 301 1120 urgente
316 1053 359 1106 ira
374 1051 434 1106 Dei
454 1049 570 1109 obstrui
584 1067 645 1108 noo
661 1059 780 1122 potem,
799 1067 861 1107 uno
879 1061 993 1108 tantum
1010 1055 1118 1110 relicto

62 1145 192 1200 rniaerie
211 1143 355 1212 oonsilio,
371 1146 396 1200 ai
414 1161 557 1216 queamus
572 1143 721 1218 aiiipuota
737 1143 877 1203 Romano
896 1140 1040 1215 (ut'dixi)
1058 1149 1119 1204 isto

61 1213 322 1294 hiatu¹revocare
343 1247 373 1294 et
391 1253 523 1294 servare.
873 1289 876 1296 .

139 1331 243 1401 Ecce,
260 1332 302 1386 mi
316 1331 381 1386 Leo
397 1331 506 1401 Pater,
525 1348 586 1403 quo
602 1333 746 1394 coneilio·
765 1351 824 1408 qua
838 1335 955 1391 ratione
975 1335 1005 1391 in
1016 1338 1119 1393 aedem

65 1427 162 1482 iatam
181 1425 353 1498 pestilentiae
378 1425 579 1480 debacchatus
599 1428 665 1484 aim.
702 1427 835 1486 Tantum
858 1431 937 1486 anim
957 1430 1121 1496 abeat‚·ut

67 1521 101 1575 in
121 1530 204 1575 tuam
222 1535 384 1592 personam
403 1517 556 1588 aavirerir,
582 1533 616 1576 ut
634 1537 788 1594 sperarem
808 1523 898 1580 etiarn
920 1524 1045 1592 gratiam
1063 1524 1120 1580 ini.

67 1623 176 1670 turum
199 1630 269 1683 me,
292 1625 323 1669 et
347 1631 402 1688 pro
429 1624 478 1669 tua
498 1615 593 1670 salute
612 1624 780 1683 staturum,
805 1617 831 1671 ei
851 1633 1006 1673 carcerem
1026 1619 1118 1672 iatum

66 1719 181 1774 tuum„
193 1709 255 1764 imo
271 1708 421 1763 infernum
437 1719 660 1764 tuumatrcoue
675 1721 709 1764 ee
722 1711 833 1766 acriter
848 1711 1009 1782 putantem.
1045 1710 1117 1768 Tibi

67 1804 153 1858 enirn
169 1812 285 1874 tuaque
298 1801 385 1858 saluti
402 1801 568 1874 profuerit,
587 1813 617 1857 et
635 1813 736 1858 tecum
754 1803 858 1858 muitie
873 1805 955 1872 uiiia,
973 1803 1118 1876 quioquid

66 1899 99 1952 in
119 1898 216 1968 impiae
232 1897 324 1968 hujue
343 1897 440 1952 Curiae
459 1897 669 1952 confusionem
685 1893 785 1952 moliri
801 1901 902 1967 puteat
917 1898 1057 1952 omnium
1071 1898 1117 1952 io.

66 1991 229 2058 geniorum
248 1991 389 2064 impetus.
423 1989 526 2046 Tuum
552 1989 682 2046 officium
711 1989 842 2049 faciunt.
868 1991 918 2060 qui
945 1989 1017 2049 huic
1039 1989 1117 2044 maie

67 2087 205 2144 faciunt:
234 2085 389 2140 Christum
407 2083 591 2153 glorificant,
610 2084 660 2152 qui
680 2098 745 2137 eam
764 2081 905 2139 omnibus
925 2084 1024 2141 modia
1043 2098 1115 2140 exe.

69 2185 208 2236 orantur:
227 2179 381 2245 breviter,
401 2177 562 2236 Christiani
581 2187 667 2245 eunt,
687 2177 736 2248 qui
753 2175 885 2232 Romani
902 2193 964 2234 non
983 2185 1063 2235 eunt.

139 2273 196 2328 Sed
219 2283 253 2328 ut
284 2273 410 2344 amplius
434 2271 561 2344 loquar,
587 2289 643 2328 nec
669 2271 732 2327 boo
753 2271 851 2344 iprum
871 2287 1003 2344 unquam
1023 2288 1115 2343 anper

70 2385 129 2422 cor
147 2375 247 2420 mcum
267 2367 421 2434 accendit,
438 2375 474 2422 ut
490 2367 519 2420 in
537 2365 706 2422 Romanum
726 2363 848 2422 Curiam
866 2365 1117 2444 inveheremur

71 2462 234 2532 quicquam
254 2453 292 2515 dc
313 2475 346 2514 ea
370 2461 564 2532 disputarem.
606 2459 718 2516 Vident
733 2459 819 2514 ¹enirn
836 2460 994 2532 desperata
1014 2459 1138 2520 omniu‘

70 2557 175 2610 saintia
198 2553 349 2622 remedia,
376 2555 550 2619 contemti,
579 2561 610 2610 et
636 2553 707 2609 dato
730 2553 848 2624 repudii
870 2555 971 2614 libello
995 2555 1058 2610 dixi
1079 2555 1117 2610 ad

69 2665 152 2704 eam:
172 2649 224 2722 qui
238 2647 356 2716 sordet,
372 2647 528 2704 sordescat
543 2647 657 2713 adludo,
678 2653 706 2702 et
723 2647 776 2722 qui
790 2647 963 2702 immwrdrar
980 2653 1041 2715 est,
1057 2647 1117 2704 im·

71 2741 200 2798 mundus
216 2744 257 2798 rit
274 2741 387 2798 aditum
414 2733 532 2800 tendens
553 2759 603 2798 me
627 2742 751 2815 placidis
773 2749 804 2795 et
828 2741 938 2812 quietio
960 2756 1116 2797 auctarum

68 2837 224 2892 literarum
248 2838 379 2905 etudiia,
412 2837 521 2909 quibui
548 2837 725 2909 prodessem
752 2833 897 2891 iratribus
922 2835 1040 2896 circum
1065 2845 1116 2890 me

73 2930 238 3000 agentibus.
1153 2937 1155 2942 '

140 3025 196 3080 liic
215 3041 285 3080 cum
303 3026 439 3082 nonnihil
457 3027 652 3098 proficerem,
671 3025 787 3096 aperuit
803 3024 911 3081 oculor
928 3040 1001 3082 aueo
1018 3023 1117 3093 Satan,

73 3129 105 3174 et
120 3136 240 3174 servum
256 3135 345 3176 auum
359 3121 533 3190 dohannem
550 3119 697 3187 Eccium,
716 3119 861 3188 insignem
877 3119 991 3182 Christi
1010 3119 1118 3178 adver.

72 3214 194 3279 uarium,
213 3214 417 3292 exutimoiauit
435 3215 580 3271 indomita
595 3215 698 3284 gioria
708 3213 847 3277 libidine,
867 3221 901 3268 ut
917 3229 967 3268 me
982 3214 1119 3268 traheret

75 3307 105 3362 in
122 3307 265 3362 harenam
282 3308 483 3379 insperatam,
501 3317 623 3379 captane
642 3324 691 3364 me
710 3309 740 3363 in
758 3323 820 3362 uno
838 3307 985 3376 verbulo,
1003 3308 1042 3362 de
1057 3287 1121 3377 pri.

76 3411 156 3458 matu
179 3399 323 3458 Ruminae
344 3401 512 3470 Ecclesiae,
536 3401 610 3456 mibi
638 3401 739 3458 obiter
763 3403 874 3472 elapso.
917 3399 975 3457 Hic
995 3399 1119 3456 Thraso

76 3495 125 3550 iiia
142 3493 291 3564 glorioaus
309 3511 449 3567 spumaue
471 3504 501 3551 et
518 3495 659 3552 trendens
671 3493 822 3564 iactabat,
846 3511 902 3567 pro
926 3495 1020 3563 gioria
1041 3493 1119 3556 Dei·

76 3605 131 3660 pro
146 3589 263 3644 bonore
281 3602 391 3646 nanctae
413 3591 496 3648 Sedis
511 3590 701 3664 Apostolicae
717 3589 817 3644 omniu
839 3603 872 3644 ae
891 3603 1060 3657 ausurum,
1090 3594 1123 3644 ot

77 3685 114 3740 de
132 3691 181 3738 tun
197 3679 314 3740 indatus
331 3685 478 3742 abutenda
495 3686 553 3744 eibi
571 3691 737 3756 potestate,
755 3683 829 3738 nihii
849 3684 963 3740 certina
980 3690 1123 3754 expecta.

77 3777 128 3832 but
144 3793 233 3848 quarn
256 3778 432 3846 victorium,
458 3796 520 3836 non
540 3792 600 3836 tam
619 3779 778 3850 primatum
796 3777 900 3846 Petri,
914 3793 1016 3849 ‚quam
1033 3791 1150 3832 auum1
1201 3785 1208 3796 “

81 3871 274 3952 principatum
289 3872 368 3928 inter
384 3873 546 3946 theologos
561 3873 652 3943 hujus
666 3871 787 3940 soeculi,
806 3887 961 3943 quaerens,
980 3871 1015 3926 ad
1032 3883 1123 3940 quem

79 3981 138 4022 non
159 3983 291 4039 parvum
322 3979 515 4044 momentum
533 3967 649 4024 habere
663 3967 813 4032 ducebat,
834 3969 858 4023 ei
877 3965 1050 4024 Lutbcrum
1070 3963 1125 4017 du.

82 4068 160 4116 erret
192 4061 222 4115 in
248 4061 412 4135 triumpho.
460 4061 553 4137 Quod
583 4062 635 4118 ubi
660 4061 802 4134 sophista
828 4059 988 4116 infeliciter
1012 4055 1103 4112 cessit
1114 4081 1143 4124 ,-
