2760 4556
254 331 312 402 ste
730 325 819 396 rste.
869 280 873 288 ¹

220 559 222 561 ,
253 490 395 565 privatim
420 498 540 546 meeum
564 484 724 557 disputare.
769 483 869 540 Unum
886 479 949 537 eret
967 477 1049 552 quod
1067 475 1233 551 replicabat
1254 495 1300 538 es.

252 587 353 642 sidne.
373 597 502 650 revoco,
510 594 650 650 agnosce
667 593 815 642 errorem,
836 575 882 632 sic
899 573 1054 646 vultPepe
1071 581 1103 629 et
1120 591 1182 630 non
1200 573 1301 645 aliter,

250 681 346 748 velis,
364 677 463 745 nolis,
482 683 513 730 et
530 673 561 729 id
582 687 675 742 genus
696 667 769 728 elia.
787 669 986 728 Potissimum
1008 684 1081 742 vern
1101 683 1152 724 me
1172 669 1300 739 urgebat

249 769 471 842 Extrovngante
494 769 621 840 quadem
643 765 805 822 Clementis
830 763 932 828 Sexti,
960 779 1025 836 qun
1045 762 1163 835 incipit.
1194 763 1300 831 unige-

177 905 180 911 ι
248 867 338 922 nitus.
373 865 449 933 llic,
474 862 545 931 hic,
571 863 688 934 inquit,
712 861 797 926 vides
818 858 931 930 Pupam
951 857 1171 924 determinare,
1189 855 1299 912 merite
1350 929 1351 944 χ

249 957 362 1014 Christi
389 973 456 1016 esse
486 956 662 1012 thesaurum
690 953 967 1026 indulgentiarum:
1004 950 1128 1017 credis,
1156 949 1205 1004 vel
1237 965 1299 1004 non

247 1050 367 1108 credis?
392 1066 450 1106 neo
470 1048 637 1122 petiebatur
660 1047 751 1104 ullam
773 1047 1024 1114 declarationem,
1050 1043 1299 1124 nutresponsio.

147 1209 150 1228 ¹
247 1143 407 1213 nem,'sed
426 1145 454 1200 vi
473 1141 637 1199 verborum
655 1142 760 1211 agebat
778 1151 808 1199 et
825 1139 981 1196 clamabat.

313 1237 451 1294 Tandem
472 1235 608 1308 permisit
633 1233 686 1305 vix
715 1243 860 1292 exoratus
882 1231 1052 1290 multorum
1071 1229 1235 1304 precibus,
1266 1238 1300 1286 ut

246 1333 367 1405 scriptis
390 1333 548 1404 redderem
576 1327 726 1385 rationem
738 1327 854 1402 :'quod
868 1325 966 1384 ¹hodie
986 1325 1044 1381 ieci
1055 1366 1065 1397 ,
1091 1333 1242 1405 presente
1269 1333 1299 1380 et

246 1426 286 1481 eb
312 1427 343 1482 id
367 1399 496 1482 adducto
517 1423 653 1480 Domino
677 1421 882 1497 l’hilippode
911 1420 1090 1490 Feilitzsch,
1115 1420 1241 1475 nomine
1268 1429 1299 1473 et
1350 1483 1351 1500 χ

80 1589 85 1597 .
146 1531 172 1592 Ἰ
239 1519 313 1584 vice
326 1518 495 1591 Principis,
513 1517 612 1574 denno
633 1525 812 1586 suggerente
825 1515 975 1588 Principis
992 1514 1178 1585 petitionem.
1214 1511 1299 1568 Tun.

244 1611 314 1668 dem
329 1597 452 1683 rejectis
472 1611 626 1668 schedulis
649 1620 739 1683 atque
760 1610 939 1679 contemtis,
956 1607 1182 1664 revocationem
1196 1606 1299 1662 denuo

244 1705 408 1762 clamabat:
426 1715 469 1762 et
488 1705 584 1762 mrulto
605 1706 758 1778 longoque
776 1721 918 1762 sermone
935 1718 974 1762 ex
994 1703 1023 1762 S.
1043 1697 1298 1758 Thonn'tebutis
1350 1707 1351 1752 ὲ

135 1784 138 1792 ’
242 1787 367 1868 tructo',
392 1816 442 1854 me
470 1800 580 1856 vicisse
599 1808 630 1856 et
655 1795 879 1872 compescuisse
909 1798 992 1854 visus
1017 1805 1081 1852 est:
1106 1794 1208 1850 decies
1226 1785 1298 1848 'fere
1350 1797 1351 1870 j

130 1907 133 1925 ·
244 1893 321 1964 ooepi
338 1899 372 1948 ut
389 1893 551 1965 loquerer,
577 1893 670 1948 toties
690 1909 796 1950 rursus
814 1892 939 1950 tonabat
957 1899 993 1946 et
1007 1888 1091 1946 solus
1108 1885 1266 1958 regnabm.
1350 1915 1351 1974 ζ

223 1985 229 1990 ’
310 1984 447 2052 Tandem
466 1997 497 2044 et
515 2003 572 2056 ego
590 1985 723 2044 clamare·
744 1987 839 2057 coepi,
864 1986 984 2041 dicens:
1013 1968 1038 2040 ¹si
1055 1989 1158 2055 potest
1177 1979 1298 2036 ostendi
1350 1999 1351 2004 ¹

243 2079 325 2150 quod
345 2078 552 2150 Extravagens
572 2080 620 2135 ille
639 2080 750 2149 dictet,
768 2079 883 2136 merita
896 2079 1010 2134 Christi
1029 2078 1205 2132 theseurmn
1223 2081 1298 2130 'ease

141 2223 149 2230 .
243 2157 519 2241 indulgentiarum
536 2173 703 2241 revocabo,
720 2183 755 2231 ut
779 2173 875 2231 voles.
911 2173 987 2241 llic,
1004 2186 1023 2227 o
1043 2169 1147 2240 Deus,
1168 2178 1298 2242 quantus
1350 2165 1351 2186 ³

242 2273 346 2334 gestus
368 2273 398 2319 et
416 2267 590 2322 cachinnus.
625 2266 762 2338 Repente
783 2267 895 2322 librum
915 2265 1060 2336 arripuit,
1080 2263 1155 2332 legit
1174 2263 1297 2317 fervens

244 2365 275 2412 et
293 2357 451 2426 anhelans,
470 2359 568 2414 donec
583 2360 720 2428 pervenit
732 2375 789 2428 eo,
807 2359 858 2414 nbi
876 2359 1038 2428 scribitur,
1057 2356 1139 2430 quod
1154 2355 1297 2412 Christus
1350 2429 1351 2440 ἵ

178 2513 186 2518 ,
244 2435 453 2519 conpassione
471 2449 631 2522 acquisivit
649 2451 825 2508 thesaurum
845 2459 905 2510 etc.
987 2461 992 2478 ·
1350 2451 1351 2458 ’

311 2541 369 2598 llic
387 2559 461 2611 ego,
477 2543 553 2600 heus
573 2543 666 2600 Pater
681 2545 942 2610 reverendissime,
956 2545 1018 2601 hoo
1036 2541 1177 2600 verbum:
1192 2543 1297 2614 ecqui.
1350 2561 1351 2608 ς

243 2636 332 2704 sivit,
361 2638 521 2708 perpende.
557 2637 744 2696 sichristus
768 2655 896 2711 persua
919 2637 1205 2710 meritencquisivit
1227 2637 1296 2693 the.
1350 2671 1351 2688 .

69 2777 72 2786 ,
179 2729 181 2732 ’
243 2743 390 2786 sanrum:
426 2747 498 2806 ergo
529 2733 636 2787 merite
663 2749 725 2788 non
758 2743 828 2788 sunt
860 2731 1045 2801 thesaurus,
1070 2733 1124 2807 sed
1153 2731 1184 2786 id
1213 2731 1296 2803 quod
1350 2719 1351 2724 ἵ

66 2893 69 2904 1
154 2839 156 2843 ·
244 2824 352 2880 merito
367 2835 562 2894 meruerunt,
578 2825 607 2882 id
628 2835 692 2896 est,
719 2826 821 2882 claves
842 2823 995 2889 Ecclesiae.
1031 2825 1114 2894 Ergo
1136 2825 1294 2881 conclusio
1350 2811 1351 2856 l

181 2911 185 2914 ’
243 2933 327 2980 vera.
372 2917 429 2974 Hic
461 2927 585 2988 repente
608 2919 771 2988 contusus,
801 2937 871 2979 cum
899 2923 993 2977 nollet
1015 2921 1109 2976 videri
1130 2920 1294 2988 confusus,
1350 2933 1351 2936 ’

245 3009 384 3068 transiliit
403 3011 525 3068 fortiter
546 3014 581 3069 ad
607 3015 681 3082 alia,
706 3025 736 3068 et
757 3015 879 3071 volebat
900 3014 964 3070 haec
987 3014 1124 3070 oblivisci
1143 3014 1293 3084 prudens,
1350 2999 1351 3006 ἵ

244 3121 352 3162 verum
379 3121 434 3176 ego
463 3109 569 3172 (certe
590 3109 662 3164 setis
681 3106 903 3174 irreverenter)
931 3109 1202 3178 fervens,›erupi:
1234 3123 1294 3163 non

244 3199 334 3255 etiam
353 3201 579 3270 grammaticam
597 3201 685 3258 nobis
701 3201 806 3257 deesse
821 3202 923 3256 credat
941 3203 980 3256 R.
997 3201 1033 3258 P.
1048 3215 1099 3257 tue
1115 3200 1293 3257 Germanis:
1350 3203 1351 3212 ’

244 3292 324 3351 aliud
345 3301 392 3349 est
415 3311 481 3348 esse
508 3295 702 3364 thesaurum,
730 3295 807 3351 aliud
837 3295 993 3363 acquirere
1024 3293 1210 3349 thesaurum.
1255 3293 1296 3350 Et
1350 3303 1351 3360 j

244 3387 288 3442 sio
311 3387 405 3442 fracta
425 3386 532 3458 fiducia
552 3389 625 3457 ejus.
669 3389 746 3442 Cum
768 3389 866 3444 adhuc
885 3387 1029 3446 clamaret
1049 3389 1295 3455 revocationem,
1350 3367 1351 3440 l

223 3475 320 3551 ‘nbii,
340 3483 484 3539 dicente
477 3499 557 3554 rpso:
577 3483 652 3538 vade
671 3493 756 3538 etnc
774 3481 935 3537 revertaris
954 3479 990 3535 ed
1008 3495 1057 3534 me
1076 3482 1220 3552 emplius,
1239 3481 1294 3538 nisi
1350 3495 1351 3568 p

243 3587 389 3630 revocare
407 3575 494 3630 velis.

311 3665 352 3721 Et
368 3683 441 3724 ecce
460 3683 534 3724 mox
550 3667 675 3740 prandio
694 3667 774 3724 fecto
792 3669 827 3722 ad
843 3683 877 3723 se
897 3675 988 3722 vocat
1005 3667 1044 3725 R.
1062 3669 1188 3726 Patrem
1204 3669 1295 3726 Vina.

243 3735 321 3812 rium
338 3757 379 3814 D.
399 3760 594 3832 Staupitium,
613 3777 642 3816 et
658 3763 759 3817 multis
781 3744 929 3816 blanditiis
946 3761 1025 3832 egit,
1047 3772 1082 3818 ut
1101 3779 1150 3816 me
1171 3779 1296 3834 persus.
1345 3811 1349 3824 ,

243 3848 327 3904 deret
352 3851 388 3906 ad
409 3855 649 3922 revocationem,
678 3856 748 3921 (me
766 3855 911 3924 absente)
938 3871 1074 3913 asserens
1094 3873 1220 3928 quoqne
1244 3873 1295 3912 me

133 3995 137 4010 ,
172 4003 177 4008 p
242 3957 304 3997 non
325 3943 439 3998 habere
463 3947 637 4002 amiciorem
665 3944 752 4002 focile
774 3965 862 4021 quum
886 3949 965 4005 sese.
1008 3951 1144 4022 Cumque
1165 3951 1216 4006 ille
1245 3967 1296 4007 re.

243 4026 439 4117 effundisset,
462 4037 499 4096 'se
523 4039 729 4111 persuasisse,
758 4045 940 4116 persuadere
968 4060 1090 4117 quoqne
1117 4043 1233 4118 hodie,
1253 4055 1294 4116 ,ut
