2714 4556
162 319 168 331 ¹
231 305 274 378 ss
572 286 576 294 ’
707 291 848 368 ists,

155 513 163 522 .
232 457 409 526 Reuerendo
425 455 483 518 sibi
498 447 595 515 Patri
608 449 745 510 Jahanm·
762 449 891 525 Lanqo,
918 443 964 504 St.
983 441 1155 521 lambeta
1169 439 1292 500 Liceat.

302 560 398 628 tiolo,
425 551 637 610 Eronburum
662 545 903 615 Emit-densium
925 545 1060 620 August.
1085 537 1223 607 Priori,
1256 537 1291 593 in

300 648 434 711 Domino
453 644 512 706 stit
528 643 726 716 sufficiendo.
753 675 756 692 ι
831 689 833 696 .

663 789 837 882 Jesum

230 983 382 1076 Salutem.
423 1015 571 1074 Miseram
603 1015 641 1072 af
663 1024 718 1084 te,
749 1005 1001 1070 reverendissime
1027 1003 1142 1074 Pater,
1165 1001 1289 1074 aliquot

230 1114 441 1172 sexterniones
484 1097 720 1183 efpiieatiooum
758 1103 1012 1162 Caeistadioaaum
1041 1113 1134 1168 super
1169 1096 1288 1152 librum

231 1195 272 1268 de*
296 1209 403 1282 spiritu
429 1205 588 1274 stlitem,
617 1205 698 1261 sicut
722 1211 753 1258 et
776 1197 926 1256 nonnullis
949 1193 1037 1250 aiiis:
1071 1201 1102 1248 at
1134 1191 1287 1248 memoria

231 1307 378 1363 confusus
392 1302 518 1373 ignoro,
537 1308 631 1372 quot,
649 1295 777 1370 quibus.
797 1289 999 1350 exhibuerim.
1036 1287 1065 1343 Si
1083 1301 1159 1356 ergo
1175 1301 1287 1341 omnes

231 1397 409 1473 percepisti,
430 1409 542 1460 novem
569 1391 661 1450 debes
679 1389 810 1457 habere,
829 1387 854 1444 si
873 1399 934 1458 quo
953 1383 1073 1451 minus,
1090 1379 1231 1438 rescribe
1255 1388 1287 1436 et

230 1492 388 1567 supplebo.
423 1489 604 1561 Hucusque
626 1487 706 1542 enim
727 1485 873 1555 impressa
888 1479 1047 1538 babemus.
1086 1475 1170 1533 Nom
1189 1475 1284 1531 decu.

229 1588 297 1646 buit
318 1598 407 1658 atque
436 1586 525 1640 etism
550 1599 630 1638 nunc
650 1577 806 1636 decumbit
826 1573 951 1652 Doctor
974 1571 1162 1646 Cerlstadius
1189 1567 1284 1624 febri.

230 1681 303 1739 bus:
323 1684 364 1738 ita
383 1679 535 1737 intercidit
554 1687 643 1750 etque
656 1675 740 1748 jacet
757 1670 924 1742 negotium.

299 1778 454 1832 Adversus
477 1787 527 1830 me
551 1773 628 1830 mire
656 1768 814 1826 fulminant
838 1765 875 1820 de
898 1768 1040 1832 suggestu
1061 1761 1221 1816 veniarum
1240 1755 1283 1814 fa.

229 1869 404 1927 bulatoress
430 1877 464 1925 ut
482 1867 603 1926 tandem
623 1881 686 1922 non
713 1862 786 1920 satis
806 1849 937 1916 hebeabt
958 1865 1190 1930 portentorum,
1218 1855 1282 1928 qui.

229 1963 288 2022 bus
312 1979 362 2020 me
382 1962 584 2034 agnominent,
606 1959 721 2016 addunt
740 1955 855 2024 minos,
872 1951 982 2024 quibus
1002 1949 1077 2007 alius
1092 1951 1173 2007 intra
1193 1949 1279 2022 quin.
1341 2015 1342 2018 Ἴ

170 2105 173 2114 .
229 2059 350 2123 denam,
371 2059 446 2114 alins
463 2057 541 2112 intra
558 2069 693 2110 mensem
711 2067 760 2107 ms
776 2047 958 2120 promittunt
974 2045 1089 2118 populo
1108 2046 1281 2104 certissime
1341 2103 1342 2118 χ

229 2153 495 2210 comburendum:
522 2151 614 2205 edunt
644 2147 804 2206 adversum
828 2143 996 2219 positiones
1024 2143 1213 2208 contraries,
1239 2141 1279 2195 ita
1341 2121 1342 2202 ζ

228 2253 263 2301 ut
279 2254 430 2314 metum,
448 2259 486 2298 ne
502 2243 661 2313 aliquando
682 2247 859 2313 rumpantur
878 2257 939 2314 pras
960 2239 1011 2296 iras
1035 2236 1228 2296 multitudine
1250 2243 1280 2291 et
1341 2219 1342 2235 ¹

228 2338 454 2407 magnitudine:
482 2335 610 2406 denique
631 2333 774 2390 suadetur
788 2333 863 2390 mibi
882 2333 919 2390 ab
938 2331 1097 2402 omuibus,
1116 2347 1156 2388 oe
1175 2331 1280 2386 adeam

227 2425 518 2500 Heidelbe'rgenees,
547 2443 585 2483 ne
614 2427 715 2490 forte,
742 2427 825 2498 quod
850 2427 881 2484 vi
908 2443 970 2485 nou
989 2434 1138 2500 possunt.
1164 2424 1278 2482 insidiis
1340 2475 1341 2482 ,

132 2537 142 2558 ·
227 2525 258 2582 io
286 2539 336 2580 me
365 2521 532 2596 perficiant.
574 2519 641 2591 Ego
668 2529 770 2576 tamen
798 2519 976 2578 obedientiae
1007 2509 1211 2586 satisfaciam,
1245 2525 1278 2574 et

220 2617 368 2690 ‚pedester
383 2616 518 2684 veniam,
529 2612 731 2695 ,annsiboqne
744 2629 799 2685 per
812 2613 986 2672 Erfurdiam
999 2609 1094 2684 <Deo
1111 2592 1231 2668 volente
1240 2611 1276 2680 ),

168 2767 174 2786 ,
225 2711 280 2768 aed
300 2710 362 2766 noii
381 2725 431 2768 me
447 2717 625 2782 expeotare‚
645 2709 714 2780 quia
729 2709 783 2764 vix
799 2709 888 2765 tertia
905 2709 979 2764 foria
992 2707 1276 2782 poatQuasimodo.

224 2804 316 2876 geniti
346 2805 449 2861 exibo.
490 2801 638 2871 Princeps
662 2809 791 2870 noster,
820 2803 901 2858 miro
927 2801 1062 2870 affectu,
1092 2789 1205 2858 solidis*
1226 2797 1274 2856 bis

224 2899 331 2957 studiis
356 2897 517 2967 theologice
542 2895 726 2965 inclinatus,
754 2896 867 2960 acriter
888 2911 939 2951 me
963 2904 995 2952 et
1016 2895 1218 2952 Caristadium
1242 2896 1272 2952 in
1340 2879 1341 2956 ζ

223 2989 448 3067 protectionem
474 3007 535 3046 non
561 2999 686 3061 rogatus
709 2989 859 3062 suscipit,
893 2989 976 3046 nulio
999 2991 1094 3046 modo
1117 3005 1273 3062 passurus,
1340 2999 1341 3016 ³

223 3099 258 3144 ut
283 3103 332 3142 me
358 3086 394 3140 ad
425 3084 535 3140 urbem
564 3084 709 3154 trahant,
744 3084 827 3156 quod
862 3083 903 3140 iili
934 3099 996 3140 non
1024 3085 1196 3156 ignorantes
1226 3093 1272 3140 sat

223 3182 409 3238 crucientur.

225 3273 230 3295 '
292 3274 333 3330 Ut
355 3281 455 3327 autem
479 3271 520 3328 sis
541 3269 755 3341 premonitus,
785 3269 809 3326 ai
838 3285 896 3342 qua
926 3270 1005 3326 fama
1038 3271 1122 3327 forte
1152 3271 1187 3327 aii
1205 3287 1270 3328 ·vos

153 3359 159 3372 ’
218 3367 392 3444 pervenerit
414 3365 452 3422 de
475 3361 708 3436 conflagratione
733 3365 919 3437 positionum
940 3363 1199 3433 Tetzeiiinamm,
1232 3381 1268 3421 no

221 3465 287 3536 pius
307 3461 386 3517 nilus
410 3458 498 3524 addat
520 3458 577 3526 (ut
598 3457 678 3512 solet
696 3457 799 3526 fieri),
819 3473 910 3530 quam
928 3447 1091 3516 sitacium
1111 3472 1269 3530 gestarum,

185 3614 191 3627 s
219 3555 286 3610 haec
308 3563 355 3610 est
374 3551 483 3607 sabula.
519 3549 698 3622 studentes,
717 3559 750 3605 ut
773 3559 842 3607 sunt
863 3553 940 3609 mite
964 3555 1092 3626 pertaesi
1115 3555 1268 3627 sophistici

132 3703 136 3716 ,
220 3647 311 3718 hujus
333 3647 446 3718 antiqui
468 3645 582 3706 studii,
611 3643 796 3715 cupidissimi
819 3659 895 3704 vero
920 3645 1013 3703 sabrae
1040 3649 1162 3711 Bibline,
1192 3650 1269 3706 forte

220 3751 251 3796 et
270 3739 328 3795 mei
349 3739 462 3795 favoris
483 3739 604 3806 studio,
631 3755 702 3794 cum
723 3739 904 3810 rescissent,
929 3742 1086 3798 advenisse
1116 3743 1214 3799 virum
1232 3741 1266 3798 ab

195 3825 329 3902 ‘.Huiiie,
349 3832 474 3888 missum
498 3848 513 3886 a
532 3831 640 3890 Tetael
661 3841 768 3908 autore
789 3833 993 3906 positionum:
1018 3837 1123 3892 statim
1143 3837 1266 3908 adeunt,

219 3939 250 3985 et
274 3927 430 3984 hominem
456 3933 622 3992 terrentes,
652 3925 734 3996 quod
753 3925 824 3981 talia
845 3925 907 3982 huo
929 3930 1054 3986 auderet
1075 3931 1201 4000 offerre,
1218 3932 1267 3986 aii.

215 4032 296 4102 quot
325 4019 447 4099 quidam
474 4028 638 4089 emerunt,
676 4019 725 4080 aiii
744 4021 830 4080 'vero
856 4031 1042 4096 rapuerunt,
1075 4034 1107 4082 et
1140 4027 1264 4100 reliquas
