2686 4560
92 251 95 258 '
142 243 147 256 ’
206 245 267 316 852
565 296 570 307 .
686 237 775 306 isal.

204 385 336 454 nihilist
351 394 466 465 indigna
481 411 630 468 persona,
649 398 811 469 quidquam
828 396 942 452 lactum
958 399 1062 466 esset,
1087 401 1143 450 aut
1161 394 1194 450 in
1213 412 1267 468 po.

205 499 322 550 alarum
346 507 472 560 cogerer
488 493 536 546 vel
555 469 726 562 impellerer
741 493 859 556 facero,
877 506 926 545 me
941 501 1073 562 propter
1088 491 1265 560 huiusmodi

206 587 407 641 necessariam
426 586 630 640 defensionem
648 587 810 640 clementer
830 597 1028 646 excusatum,
1048 579 1085 638 'etl
1105 586 1137 638 in
1155 588 1266 655 gratio.

187 687 241 738 'sa
265 679 439 736 defensione
463 691 491 734 et
519 683 733 736 commissione
753 681 786 733 ad
812 679 1031 732 defendendum
1054 677 1187 735 verbum
1208 678 1266 734 Dei

207 775 333 831 babeat:
357 786 387 832 et
405 785 531 846 uterque
550 779 607 830 mei
630 775 834 843 gratiosissimi
855 772 979 827 Domini
1000 773 1088 834 sitis,
1114 774 1195 827 sicut
1211 791 1264 842 ego

165 903 167 914 ·
208 870 245 925 de
269 871 389 938 praefata
412 871 599 924 serenissima
625 871 654 924 S.
682 857 814 923 Caesarea
837 867 999 937 Majestate
1021 876 1053 920 et
1075 878 1180 921 vestra
1199 866 1263 922 Ele.

208 963 316 1017 ctorali
335 962 440 1019 Gratia
462 963 534 1018 mibi
558 977 587 1019 ct
605 967 683 1030 hano
703 974 733 1017 et
752 978 858 1016 omnes
877 962 947 1016 alias
969 961 1159 1016 christianas
1176 961 1264 1032 impe.

201 1057 297 1110 riales
323 1069 353 1136 et
377 1059 556 1129 principales
573 1059 701 1112 virtutes
722 1071 751 1112 et
771 1057 897 1126 gratias,
916 1071 948 1110 ut
969 1058 1007 1110 de
1025 1056 1176 1122 Dominis
1185 1056 1266 1111 meis

209 1153 435 1220 gratiosissimis
454 1152 639 1208 confidenter
659 1147 806 1223 polliceor
825 1163 854 1206 et
873 1151 1033 1222 promitto.
1137 1132 1142 1149 '

174 1312 177 1320 y
204 1236 207 1241 ’
279 1244 427 1300 Caeterum
450 1249 529 1318 quod
547 1247 580 1300 ad
601 1259 650 1301 me
667 1244 789 1314 attinet,
809 1245 1015 1318 paratissimus
1029 1260 1101 1298 sum
1114 1244 1147 1298 in
1163 1243 1263 1300 humili

210 1337 399 1411 obedientia,
419 1341 443 1396 si
461 1341 609 1396 sufficiens
629 1353 870 1396 securamentum
888 1351 917 1393 et
931 1338 1064 1392 liberum
1082 1337 1262 1392 conducutut

210 1435 291 1516 ultro
307 1437 446 1508 citroque
466 1437 576 1490 iterum
598 1435 633 1490 ad
654 1452 752 1490 meam
773 1436 968 1491 securitatem
986 1433 1157 1488 adsecutus
1173 1433 1261 1492 luero,

211 1530 246 1584 ad
269 1531 409 1598 proxime
433 1532 568 1584 futurum
590 1541 773 1586 conventum
799 1529 984 1599 imperialem
1004 1527 1049 1580 W
1051 1528 1192 1584 ormatiae
1215 1527 1262 1580 ba.

210 1621 362 1688 bendum,
395 1639 497 1677 coram
526 1625 635 1695 aequis,
666 1625 787 1690 doctis,
814 1623 943 1696 probis,
970 1631 1000 1676 et
1025 1639 1093 1676 non
1122 1625 1261 1694 suspectis

206 1715 359 1787 judicibus
374 1733 570 1790 comparere,
595 1728 626 1772 et
645 1734 715 1772 cum
733 1718 882 1787 adjutorio
904 1715 963 1770 Dei
979 1715 1202 1787 omnipotentis
1217 1733 1259 1770 tue

209 1809 251 1865 ita
274 1811 419 1865 exhibere
434 1825 469 1876 ¹et
493 1829 658 1874 excusare,
676 1823 712 1867 ut
732 1827 837 1867 omnes
855 1812 885 1865 in
905 1819 1035 1866 vernale
1054 1812 1257 1880 experiantur,
1325 1879 1326 1898 χ

210 1919 261 1960 me
281 1903 427 1961 hactenus
447 1906 583 1962 nibil'ex
606 1908 786 1970 temeraria,
819 1905 1013 1960 indeliberata
1044 1913 1077 1957 et
1105 1905 1256 1958 inordinato
1325 1935 1326 1948 κ

210 1997 383 2065 voluntate,
411 2009 461 2055 aut
484 2001 832 2085 propterktemporalem
857 2011 888 2054 et
908 1999 1091 2056 saecularem
1119 1997 1256 2054 honorem
1325 2021 1326 2062 l

212 2101 242 2148 et
270 2095 456 2163 utilitatem,
486 2097 566 2162 sed,
592 2095 736 2167 quicquid
762 2094 867 2168 scripsi
895 2105 926 2148 et
947 2093 1069 2161 doctri,
1104 2093 1257 2148 secundant
1325 2091 1326 2094 ’

211 2203 311 2242 meam
333 2189 567 2259 conscientiam,
589 2192 796 2262 juramentum
822 2201 852 2242 et
873 2188 1116 2256 obligationem,
1147 2199 1179 2242 ut
1196 2187 1258 2242 iudi.
1325 2231 1326 2240 ,

130 2307 133 2312 ·
212 2297 302 2349 gnum
328 2283 488 2338 doctorem
513 2294 623 2339 sanctu
647 2285 832 2356 Scripturas,
869 2283 904 2338 ad
932 2281 1055 2336 laudem
1084 2291 1119 2336 et
1148 2283 1258 2350 gloriam
1325 2275 1326 2294 ¹

210 2373 289 2441 Dei,
309 2376 344 2429 ad
366 2375 493 2430 salutem
512 2385 543 2430 et
565 2379 739 2434 felicitatem
758 2377 920 2434 Eccelesiea
938 2377 1124 2444 catholicae,
1146 2377 1257 2432 bouum.

213 2485 271 2541 que
289 2477 319 2528 st
335 2471 529 2550 commodum
546 2471 640 2526 totius
658 2471 848 2528 Germanicae
864 2471 1004 2538 nationis,
1025 2471 1063 2525 ad
1082 2472 1258 2526 evulsionem
1325 2467 1326 2488 ¹

212 2564 450 2636 periculosarum
469 2563 648 2620 abusionum
669 2579 698 2620 et
721 2567 990 2638 superstitionum,
1009 2573 1042 2618 et
1060 2565 1098 2620 ad
1120 2565 1259 2620 liberatio.

211 2675 281 2713 nem
303 2659 394 2714 totius
414 2657 589 2715 christianae·
602 2659 790 2731 reipublicae,
818 2677 857 2714 ex
871 2671 924 2714 tot
942 2659 1080 2728 infinitis,
1102 2661 1261 2714 innumera·

212 2751 337 2812 bilibus,
361 2751 459 2825 impiis
481 2769 510 2808 et
532 2753 748 2810 damnabilibus
774 2755 937 2823 tyrannicis
958 2753 1186 2822 dedecoribus,
1201 2769 1259 2825 pro.
1325 2747 1326 2758 ¹

211 2843 293 2912 bris,
313 2849 535 2915 gravaminibus
555 2859 583 2902 et
603 2847 812 2919 blasphemiis,
832 2847 1079 2922 proposuissem
1099 2849 1212 2904 fecisse.
1325 2831 1326 2840 ἵ

260 2935 265 2954 ⁸
282 2937 463 2998 Electoralis
480 2941 584 2998 Gratia
602 2953 702 2997 vestra
717 2945 855 3014 dignetur
870 2959 926 2997 una
942 2958 1012 2996 cum
1027 2943 1125 2998 Rom.
1137 2943 1252 2996 Cesarea

214 3031 376 3104 Majestate
398 3034 594 3090 christianum
617 3037 738 3092 oculum
765 3047 794 3091 et
817 3047 989 3106 respectum
1009 3035 1128 3091 babere
1150 3037 1183 3090 ad
1201 3045 1256 3088 tam

119 3129 122 3144 '
215 3128 317 3182 multis
338 3129 435 3183 modis
460 3141 618 3184 oneratum
639 3140 749 3186 statum
769 3132 863 3204 totius
888 3129 1138 3185 Christianitatis.
1178 3127 1255 3202 Quod
1325 3155 1326 3174 r

215 3239 273 3293 pro
298 3223 431 3278 Caesarea
452 3223 614 3293 Majcstato
633 3235 663 3279 el
686 3224 848 3280 Electorali
869 3225 974 3281 Gratia
995 3235 1100 3298 restra
1120 3225 1196 3279 ultra
1224 3221 1261 3294 di.

216 3319 314 3372 vinam
334 3319 542 3374 liberalitatem
558 3331 587 3375 et
607 3299 731 3390 gratiam
757 3319 832 3375 meis
850 3320 967 3374 miseris
991 3317 1187 3374 orationibus
1200 3332 1259 3385 erga

216 3408 319 3486 Deum
344 3429 431 3468 orare
457 3429 599 3488 semper,
624 3427 658 3470 ut
681 3409 774 3474 miser
794 3399 834 3472 et'
848 3415 1002 3484 subjectus
1026 3413 1217 3486 capellanus,
1238 3411 1261 3463 in

214 3508 299 3562 omni
328 3507 496 3564 humililate
519 3524 586 3564 sum
615 3520 644 3563 et
671 3509 820 3578 obligatus
840 3519 869 3564 et
887 3518 1020 3582 paratus.
1057 3507 1178 3564 Datum
1195 3505 1260 3562 Wit·

216 3599 397 3668 cambagas,
417 3603 464 3656 die
485 3602 700 3658 conversionis
720 3604 749 3660 S.
767 3603 871 3674 Pauli,
890 3621 968 3659 anno
986 3599 1146 3658 MDXXI.

286 3691 597 3754 Electoralis'Gratiae
620 3705 727 3752 vestrae
808 3743 813 3754 .

514 3771 522 3792 ’
563 3791 708 3848 obediens
729 3800 759 3848 el
778 3782 887 3866 suplex
913 3791 1091 3864 Capellanus

933 3875 1086 3944 Martinus
1104 3885 1259 3942 Lutberus.
