2686 4560
561 295 652 391 1521,
762 301 775 328 ·
1068 273 1129 369 'sss

55 455 163 527 elmi,
193 462 223 512 et
247 471 333 512 mens
360 463 391 513 et
414 455 591 514 deliberatio
610 459 639 513 in
657 470 723 513 mea
742 455 781 518 ait
799 472 908 528 causa,
928 459 1148 536 undecunque.

55 553 164 626 plane
182 551 290 608 humili
308 552 488 622 gratitudine
506 561 536 608 et
554 553 710 626 voluptate
729 552 874 608 intellexi.
909 551 972 612 Pro
991 570 1050 626 qua
1065 571 1132 624 gra.
1170 595 1180 608 .

57 648 139 716 tia,
171 654 207 701 ut
229 646 375 703 ,Caesareas
401 644 578 718 Maiestati,
607 648 647 706 ita
673 645 836 703 Electoralr
862 645 976 705 Gratias
1001 661 1132 718 vestro,

61 741 186 810 gratias
204 747 294 813 quam
313 739 494 800 humillimas
513 757 587 812 ago:
606 753 637 798 et
654 757 694 798 ex
711 741 805 798 corde
818 743 944 812 gaudeo,
964 741 1132 798 Caesaream
1189 745 1192 753 ‘

60 831 273 908 Majestatem
297 835 377 892 hauc
400 852 540 906 causam,
566 851 650 909 qua,
678 835 802 893 Christo
823 845 922 905 teste,
943 835 1022 906 Dei,
1048 835 1133 892 chri.

62 929 163 984 stiani
181 929 286 998 orbis,
305 929 449 988 Ecclesiae
468 931 644 1000 catholica,
662 939 692 986 et
710 930 804 986 totius
826 927 1015 988 Germanicae
1034 929 1133 1002 natio.

63 1023 140 1090 nis,
168 1034 199 1080 et
219 1041 281 1094 pou
298 1027 385 1082 unius
404 1037 436 1083 et
448 1027 560 1115 privati
580 1037 626 1082 est
643 1025 776 1082 hominis
794 1025 1004 1098 peculiariter,
1034 1026 1146 1102 molto·
1218 1007 1223 1016 ¹

64 1119 176 1174 minua
193 1135 260 1174 mea
276 1121 415 1192 proprie,
434 1123 471 1178 ad
486 1138 570 1180 suam
587 1119 752 1178 Caesaream
767 1119 961 1192 Maiestatem
977 1120 1131 1192 suscipere

65 1212 167 1268 velle.
203 1224 210 1232 ⁴

143 1305 251 1378 ltaque
269 1307 449 1366 nonminus
462 1310 546 1382 J'am,
573 1325 663 1384 quam
679 1309 826 1367 hactenus
846 1325 966 1384 semper
988 1294 1044 1382 pro
1065 1287 1133 1365 me?

66 1399 233 1474 multiplici
258 1401 412 1460 oblatione
435 1413 466 1460 et
486 1405 724 1476 protestatione,
746 1395 778 1460 'et
796 1405 963 1478 praesertim
988 1421 1038 1473 ea,
1066 1419 1132 1476 quas

67 1495 156 1568 typis
173 1509 286 1551 excusa
306 1498 418 1568 prodiit
436 1499 465 1555 in
484 1499 659 1573 publicum„
689 1494 775 1572 cujus
796 1501 969 1572 exemplum
990 1501 1054 1555 sive
1078 1514 1133 1562 co.

67 1589 157 1660 piam
179 1586 345 1647 Electorali
371 1591 483 1649 Gratias
507 1603 615 1650 vestrae
638 1596 831 1654 transmittor
858 1593 1034 1666 suppliciter
1056 1592 1131 1646 offe.

71 1699 112 1738 ro
130 1679 192 1753 ²),
209 1701 258 1740 me
276 1687 376 1742 omnia
395 1696 424 1742 et
442 1689 593 1744 facturum
613 1698 644 1744 et
662 1689 866 1755 omissurum,
887 1703 952 1758 quse
970 1701 1040 1742 cum
1061 1685 1130 1740 Deo

71 1785 105 1832 et
129 1777 293 1835 christiana
320 1781 464 1850 dignitate
490 1782 592 1837 lacere
620 1790 747 1854 potero,
776 1781 825 1836 vel
850 1797 916 1852 quaa
941 1780 1077 1835 facienda
1099 1786 1132 1834 et

73 1872 243 1928 omittenda
259 1873 415 1942 honestis,
443 1875 536 1931 certis
555 1885 585 1930 et
606 1873 823 1932 sufficientibus
841 1875 939 1930 causis
959 1882 990 1928 et
1006 1871 1132 1928 rationi·

72 1961 134 2022 bus
152 1979 353 2025 sacrosancto
372 1969 477 2024 divinas
496 1969 657 2040 Scripturas
675 1967 824 2024 docebor.

149 2059 357 2139 Quamobrem
379 2079 448 2120 cum
467 2064 549 2120 omni
569 2062 760 2134 subjectione
781 2062 934 2130 obsecro,
957 2069 991 2118 ut
1008 2059 1133 2118 Electus

73 2153 146 2210 ralis
163 2165 264 2210 vestra
283 2155 390 2212 Gratia
408 2173 478 2228 erga
496 2157 587 2214 Rom.
607 2157 774 2214 Caesaream
793 2157 987 2230 Majestatem
1004 2172 1061 2228 pro
1081 2172 1131 2212 me
1173 2201 1179 2218 ,

76 2247 252 2320 suppliciter
275 2259 362 2316 oret,
387 2251 421 2306 ui
438 2269 485 2308 me
502 2241 659 2308 sufficienti
678 2254 840 2310 securitate
856 2263 887 2308 et
903 2252 1001 2308 libero
1019 2267 1130 2308 securo

77 2343 230 2400 conductu
249 2353 356 2399 contra
375 2361 496 2400 omnem
516 2347 577 2402 vim
587 2385 598 2430 ,
626 2363 716 2420 quam
734 2345 808 2404 mihi
827 2347 990 2404 timendam
1008 2345 1132 2414 insigni.

77 2445 126 2493 ter
149 2436 272 2506 habeo,
298 2437 430 2506 gratiose
454 2441 636 2510 provideat,
663 2453 694 2498 et
712 2451 819 2509 curet,
850 2450 884 2495 ut
908 2441 974 2496 naeo
1000 2455 1131 2495 causas
1207 2465 1223 2474 -·

77 2531 202 2604 probis,
222 2533 364 2602 eruditis,
381 2533 598 2606 prudentibus,
613 2553 676 2601 non
697 2535 845 2608 suspectis
865 2543 895 2587 et
915 2533 971 2606 piis
990 2531 1131 2586 christia.

78 2627 126 2684 uis
145 2627 232 2697 siris,
250 2627 452 2699 spiritualibus
471 2638 501 2685 et
523 2629 735 2698 saecularibus,
755 2629 784 2682 in
803 2625 907 2682 Bibliis
928 2625 1004 2678 bene
1026 2623 1131 2678 lunda.

80 2722 140 2789 tis,
166 2733 197 2776 et
213 2722 437 2791 intelligentiam
457 2734 487 2778 et
504 2723 666 2780 discrimen
686 2721 853 2778 divinarum
878 2728 908 2773 et
930 2719 1130 2773 humanarum

81 2815 180 2886 legum
203 2827 234 2871 et
256 2827 477 2889 preceptorum
500 2817 681 2872 habentibus
700 2824 730 2868 et
752 2811 939 2879 scientibus,
964 2827 1132 2880 cognosce.
1185 2853 1190 2872 ,

82 2919 151 2979 tur,
169 2911 315 2982 simulque
335 2911 392 2968 illis
413 2913 602 2978 committat,
627 2921 661 2965 ut
684 2909 841 2977 diligenter
861 2923 910 2961 me
931 2907 1070 2961 audiant·
1099 2915 1131 2960 et

82 3015 204 3078 propter
222 2992 329 3060 Deum
342 3006 454 3060 nullam
473 2985 533 3059 vim
552 3013 660 3059 contra
678 3019 747 3068 me,
766 3002 865 3057 donec
884 3017 989 3098 parum
1008 2999 1132 3056 clar-isti.
1166 3053 1173 3067 ,

85 3115 155 3156 anus
172 3111 201 3156 et
219 3101 338 3172 iniquus
358 3109 389 3155 et
406 3099 515 3181 impius
532 3098 677 3169 inveniar,
694 3095 822 3170 proponi
841 3065 1008 3167 permittat.
1029 3105 1132 3164 atque,

85 3203 119 3250 ut
142 3197 281 3250 seculare
300 3205 390 3266 caput
408 3203 518 3249 sanctes
537 3189 708 3248 christianae
725 3187 888 3256 Ecclesiae,
914 3188 965 3243 det
989 3203 1131 3258 operam,
1174 3181 1178 3191 '

85 3299 119 3346 ut
138 3290 192 3344 mei
218 3289 401 3358 adversarii,
425 3289 568 3344 Romane
589 3285 670 3343 aedis
692 3285 888 3350 defensores,
920 3281 1034 3335 interea
1054 3281 1132 3336 desi.

87 3391 161 3440 stant
177 3401 192 3438 a
209 3401 265 3439 suo
284 3386 389 3441 insano
410 3393 441 3440 et
458 3383 550 3454 impio
568 3379 728 3452 proposito
747 3389 853 3450 contrp
868 3393 935 3444 me,
961 3390 1032 3430 cum
1057 3390 1133 3429 exu-

87 3463 179 3536 stione
196 3495 336 3534 meorum
354 3479 524 3546 librorum,
542 3486 572 3532 et
593 3476 630 3532 ab
650 3475 747 3548 impiis
767 3471 900 3528 consiliis
921 3479 952 3526 et
972 3469 1132 3525 conatibus

88 3573 220 3642 luriosia,
240 3571 351 3644 quibus
369 3591 438 3630 meo
460 3572 600 3642 corpori,
619 3569 769 3640 dignitati,
788 3565 917 3634 honori,
937 3564 1044 3630 saluti,
1063 3565 1132 3620 ritas

90 3677 119 3725 at
141 3668 290 3737 felicitati,
318 3685 487 3742 quanquam
517 3683 565 3722 ms
590 3679 688 3736 neque
715 3663 814 3718 audito
845 3675 943 3732 neque
971 3660 1132 3725 convicto,

90 3765 231 3822 malitiose
257 3774 288 3820 et
312 3755 446 3820 lureuier
465 3761 658 3818 insidiantur:
684 3766 736 3827 et,
761 3757 786 3814 si
807 3755 941 3812 vicissim
957 3769 1012 3825 pro
1029 3753 1133 3807 defen.

93 3859 179 3918 denda
203 3861 299 3930 magis
320 3859 420 3916 divina
445 3856 616 3927 evangelica
641 3854 789 3923 varitate,
817 3865 908 3926 quam
926 3863 995 3910 met
1013 3845 1138 3948 propri?

125 4061 170 4110 ,1)
195 4058 263 4108 Via.
283 4053 418 4107 efferens?
