2716 4556
241 339 304 408 370
721 337 810 406 1⁵19,

177 459 181 480 i
242 495 507 559 laenocinium
527 497 607 553 Viro
626 496 760 570 Geor-qiu
777 491 957 565 spalatino,
984 493 1100 551 Christi
1115 511 1225 566 seruo,
1244 513 1298 552 nie

568 592 601 646 in
619 589 753 648 Domino
770 589 960 646 charissimo.

698 737 828 798 Jesus.

242 871 393 966 Salutem.
436 890 532 962 Mitto
559 905 644 960 unius
666 881 841 959 Dominicae'
864 919 941 976 opus
965 901 1021 958 tibi
1044 901 1074 958 in
1100 904 1296 976 exemplum,

104 1069 107 1082 ¹
240 1006 282 1060 mi
301 1001 465 1076 spalatine,
494 1000 544 1070 qui
567 999 681 1069 poteris
702 1016 758 1071 pro
781 1007 832 1052 tua
850 997 880 1052 in
899 997 1038 1053 humanis
1059 997 1160 1052 literis
1179 998 1295 1068 majore

169 1153 175 1166 ,
241 1098 347 1171 peritia
363 1095 461 1166 aptius
476 1102 506 1147 et
524 1092 641 1147 felicius
659 1092 746 1148 locos
765 1092 795 1146 in
815 1091 939 1163 reliquie
956 1091 1074 1162 signare
1095 1107 1136 1146 ex
1152 1107 1219 1146 mea
1239 1093 1296 1144 far.

126 1191 133 1208 '
240 1191 354 1259 rapine.
390 1189 456 1256 Ego
480 1201 549 1242 sane
566 1195 728 1256 utrumque
748 1203 810 1242 uon
826 1196 953 1258 potero,
971 1199 1005 1242 ut
1025 1187 1291 1259 occupatissimus,

241 1297 293 1340 aut
311 1283 485 1356 Philippum
506 1281 536 1336 iu
560 1280 589 1335 id
613 1280 724 1349 negotii
752 1279 916 1350 involvam,
940 1297 1001 1352 quo
1023 1289 1054 1336 et
1074 1281 1141 1353 ipre
1160 1280 1293 1352 Principi

180 1363 183 1376 ¹
241 1374 295 1434 su'a
312 1378 409 1432 studia
427 1375 532 1432 saltem
553 1374 674 1429 iudicet.

308 1471 433 1528 Ductor
455 1467 656 1524 Breiteubach
677 1478 707 1524 et
726 1467 769 1524 D.
791 1467 950 1525 Heinricue
969 1467 1131 1524 Schleinitz
1153 1486 1291 1526 mecon.

239 1565 322 1624 virio
343 1581 399 1620 suo
418 1563 664 1629 honoraverunt,
682 1563 808 1618 multam
820 1578 906 1620 suam
923 1579 993 1635 erpa
1009 1579 1057 1617 rne
1074 1564 1291 1620 humanitatem

224 1659 452 1732 ,ostendentesr
473 1673 535 1736 non
555 1673 700 1712 noveram
716 1665 802 1712 antea
817 1657 967 1714 homines.
991 1656 1077 1714 Nihil
1098 1661 1217 1728 egimus
1238 1661 1287 1714 uiri

239 1754 285 1820 de¹
300 1751 497 1826 Lipsensib'us
521 1751 711 1822 Theologia:
738 1751 847 1821 quibua
864 1753 913 1808 ille
933 1769 995 1808 nou
1012 1753 1143 1808 multum
1161 1753 1287 1808 tribuere

211 1885 213 1892 ι
239 1849 407 1906 videbatur.
430 1847 528 1904 Unum
543 1846 632 1902 didici
646 1845 861 1917 apophtegma:
881 1846 905 1901 si
925 1847 991 1918 quis
1010 1847 1157 1918 (inquit)
1175 1847 1287 1902 tbeolo.

238 1935 309 2015 puni
330 1944 395 2015 ejus
411 1944 531 2012 generis
545 1942 647 2011 videt,
664 1952 780 2014 septem
797 1955 918 2012 peccata
935 1939 1074 1995 mortalia
1097 1941 1195 1997 videt:
1215 1941 1286 1998 scili.

230 2049 289 2096 .cet
309 2041 339 2096 in
362 2039 442 2095 hanc
463 2038 589 2110 gloriam
608 2036 743 2092 ventrosi
764 2034 907 2104 sophistae
926 2036 1003 2106 apud
1023 2036 1147 2106 vulgum
1169 2037 1284 2092 deduxi.

238 2151 306 2190 mue
321 2134 543 2206 professionem
555 2139 692 2188 nostram
703 2129 917 2199 theologicam.
951 2128 992 2186 Et
1007 2145 1078 2185 saue
1094 2131 1170 2186 mibi
1188 2145 1283 2186 verum

240 2237 362 2298 apparet
388 2227 451 2284 boc
476 2227 615 2283 verbum.
656 2225 773 2282 Praeter
792 2224 871 2278 enim
895 2233 1055 2286 ventrem,
1085 2227 1282 2298 marsupium,

239 2335 400 2392 pompam,
434 2321 506 2392 quid
534 2319 628 2388 fulget
653 2307 684 2374 in
709 2317 799 2374 nobie
826 2317 993 2389 ejusmodi?
1025 2317 1106 2374 Nam
1133 2321 1282 2385 invidiam,

239 2413 315 2468 iram
338 2424 369 2468 et
394 2413 549 2468 libidinem
573 2429 643 2468 cum
669 2413 839 2470 acidissimo
867 2413 960 2470 acidia
991 2415 1062 2488 quid
1092 2416 1200 2470 attinet
1219 2430 1282 2469 ceu·

126 2551 132 2562 .
238 2509 332 2564 aerei
362 2506 646 2563 Deusmiaereatnr
663 2508 771 2566 nostri.

147 2591 151 2596 ’
305 2601 415 2660 Emser
429 2603 563 2656 furorem
579 2615 668 2656 enum
682 2589 802 2674 effudit,
822 2605 875 2660 sed
893 2605 948 2674 ita,
966 2612 1000 2659 ut
1015 2605 1169 2676 epistolam
1185 2619 1280 2656 meam

237 2697 408 2752 confirmet.
444 2697 547 2752 Doleo
568 2705 628 2754 tam
647 2711 782 2760 crassos,
807 2697 953 2768 hebetes,
972 2707 1003 2753 et
1022 2698 1152 2754 insulsos
1166 2697 1281 2752 thraso.

235 2807 290 2848 nea
319 2805 351 2848 se
379 2791 408 2846 in
433 2791 462 2846 id
485 2791 596 2860 negotii
621 2790 760 2846 miscere.
802 2791 869 2850 Nisi
891 2811 939 2848 mc
959 2793 1037 2848 ratio
1058 2789 1279 2857 nomiuirmei,
1338 2823 1339 2860 i

236 2884 298 2940 imo
320 2885 433 2942 Christi
453 2887 545 2942 timor
568 2885 744 2954 cohiberet,
763 2887 897 2968 nondum
916 2885 1027 2954 habui,
1050 2887 1102 2958 qui
1120 2885 1191 2940 mibi
1210 2884 1279 2940 scri.
1338 2863 1339 2927 i

235 2977 326 3034 bendi
353 2980 470 3034 felicius
496 2981 668 3050 praestiterit
688 2992 912 3050 argumentum:
937 2995 1026 3053 quam
1044 2980 1171 3050 indiguis
1186 2977 1277 3034 modia

235 3072 267 3126 in
293 3071 371 3128 hauc
399 3074 507 3142 talpam
536 3076 615 3128 sorte
641 3083 671 3130 et
693 3074 854 3146 Lipseuees
875 3075 1020 3130 luderem.
1056 3073 1172 3128 Verum
1188 3071 1278 3128 silebo
1337 3137 1338 3154 Χ

236 3173 266 3219 et
278 3163 408 3221 Eccium
422 3167 612 3237 expectabo,
630 3168 659 3223 in
679 3167 847 3240 quo‘eimul
867 3179 896 3224 et
914 3167 987 3224 huic
1001 3169 1140 3224 mendaci
1154 3179 1184 3224 et
1196 3167 1278 3222 mele.

234 3259 304 3316 dico
324 3259 372 3326 (ai
391 3269 491 3315 tamen
509 3277 558 3316 res
577 3263 655 3315 seret
666 3261 691 3329 )‘
699 3263 900 3336 respondebo.

300 3353 395 3410 Mitto
421 3372 543 3428 quoque
566 3355 666 3412 literas
691 3356 757 3412 lreri
789 3371 828 3412 eru
852 3356 987 3430 pertibus
1009 3356 1217 3428 superioribus
1237 3371 1280 3408 ac.
1336 3389 1337 3420 i

233 3457 355 3520 ceptae,
379 3449 409 3503 in
438 3449 547 3520 quibua
576 3449 711 3518 videbis,
735 3437 808 3524 quid
827 3467 929 3506 rerum
954 3451 1014 3506 illic
1037 3463 1163 3522 agatur:
1193 3451 1279 3506 lectar

180 3539 183 3554 '
233 3543 365 3626 remitte.
409 3543 481 3598 Vale
505 3553 536 3598 et
558 3544 806 3616 supplicationem
830 3559 927 3602 meam
951 3562 1006 3616 pro
1025 3546 1190 3620 Philippo,
1214 3546 1279 3600 licet

231 3633 344 3704 invito,
364 3649 486 3706 curato,
506 3638 585 3694 sicut
602 3639 778 3710 promisisti.
805 3640 911 3709 vigilia
923 3639 1187 3708 Praesentationis,
1205 3652 1278 3694 anuo

231 3725 387 3787 MDXIX.
