2716 4556
232 277 295 387 'ata
713 312 831 386 ists
867 337 874 356 .

231 477 306 538 nihil
323 493 384 533 non
402 474 540 541 simulas,
559 479 686 544 excepta
703 473 819 530 furiosa
832 472 1060 546 criminatione,
1077 476 1158 534 licet
1170 486 1201 534 et
1215 475 1292 536 huie

163 629 169 640 ,
234 573 406 648 peniculum
428 571 570 626 simulata
591 570 743 624 modestia
761 569 912 625 adhibeas.
927 565 964 637 ⁰)

304 667 460 724 Dixerunt
479 663 552 720 mibi
574 675 640 717 aitte
658 664 889 734 disputationem
906 665 1010 734 insigni
1031 669 1196 724 autoritate
1216 669 1290 725 riri:

233 779 328 830 cave,
354 761 510 828 Lethen,
540 773 667 830 experto
692 763 799 814 crede:
824 759 918 814 bomo
940 753 996 838 iste
1023 762 1106 820 nihii.
1124 765 1181 818 nisi
1207 762 1290 820 fictio

233 867 280 914 est
295 867 325 912 et
339 855 502 912 simulatio.
528 853 598 910 Non
615 854 727 910 credidi
744 855 803 920 eis,
821 869 878 908 nec
892 855 1032 910 omnibus
1045 856 1186 912 sensibus
1198 858 1291 926 tneie,

231 954 303 1008 licet
327 950 446 1006 Erasini
476 950 599 1021 epistola
627 959 657 1005 et
684 948 811 1004 Udtilrici
841 947 924 1004 Zasii
950 949 1086 1019 apologia
1105 946 1142 1018 *)
1160 967 1285 1021 quoque

177 1047 181 1052 ’
231 1046 323 1100 talem
350 1057 380 1101 te
407 1046 479 1100 mibi
511 1045 685 1098 formarent.
730 1042 809 1096 'Fam
831 1051 1007 1098 constanter
1034 1043 1071 1100 de
1100 1045 1288 1114 tecogitari

230 1141 370 1211 optime,
387 1153 537 1210 nunquam
560 1139 645 1194 aliter
663 1138 865 1206 cogitaturus,
884 1137 939 1192 nisi
959 1136 1022 1192 hoc
1042 1139 1235 1209 sterquilinio
1259 1147 1290 1194 te

232 1235 354 1306 publice
375 1234 447 1296 orbi
464 1235 649 1288 tradirxisses
669 1233 892 1288 odiosissimum
911 1232 1130 1287 simulatorem.

303 1329 370 1384 Huc
399 1330 548 1401 pertinet,
576 1331 655 1400 quod
689 1331 718 1383 in
747 1328 825 1382 foeda
856 1339 886 1380 et
906 1326 1049 1384 obsooena
1077 1327 1204 1397 epistola
1227 1343 1288 1398 pra

82 1495 85 1504 γ
180 1462 186 1468 -
231 1424 350 1480 cacteris
369 1425 477 1480 scribis
496 1425 531 1478 ad
548 1424 733 1497 clarissimos
749 1433 821 1478 tuos
840 1421 1108 1492 Ingolatadiensea,
1129 1423 1186 1478 etsi
1208 1417 1286 1492 (pro

231 1521 406 1576 sinceritate
439 1519 648 1590 apertissima)
680 1517 801 1574 fortiter
830 1517 952 1572 simulas
980 1529 1042 1572 tete
1070 1533 1132 1572 nnn
1159 1518 1290 1586 jactasse

229 1613 394 1682 victorias,
414 1623 442 1670 te
467 1613 708 1670 carolostadtuiii
730 1613 859 1668 traxisse
874 1613 909 1665 ad
934 1613 1120 1666 activitatein
1137 1611 1226 1666 liberi
1244 1627 1289 1666 er.

230 1705 330 1775 bitrii,
357 1709 444 1764 simul
471 1709 595 1774 dolens,
622 1710 703 1780 quod
726 1707 906 1778 permiseras
928 1707 954 1760 ei
978 1707 1095 1777 vesperi
1117 1709 1289 1776 responsio.

196 1865 201 1872 ¹
230 1819 301 1860 sient
325 1803 405 1858 illam
434 1819 538 1876 parare
564 1819 736 1873 egregiam,
762 1813 867 1872 quate
887 1799 1153 1870 omniumjudicio
1176 1801 1287 1868 redegit

232 1897 268 1952 eil
289 1897 435 1962 nihilum,
465 1902 542 1954 sicut
566 1900 628 1970 ipse
649 1896 818 1956 confiteris:
844 1897 874 1952 in
894 1911 974 1962 uno,
997 1895 1119 1964 inquis,
1147 1895 1286 1970 peccari,

231 1993 320 2063 posui
340 1993 469 2065 replicas
487 1995 522 2049 de
544 2003 659 2059 nocte,
685 2005 715 2048 et
740 1991 851 2049 dedici
871 1989 1129 2044 deliberationem.
1167 1989 1285 2043 Sensisti

231 2085 350 2144 scilieet
375 2089 483 2143 vulnus
510 2087 545 2142 ad
571 2097 714 2143 mortem.
761 2085 843 2161 Quid
872 2097 957 2155 putas
975 2084 1088 2140 lactum
1109 2083 1236 2142 luisset.
1262 2083 1284 2138 si

233 2181 353 2240 omnini
381 2183 462 2238 sicut
489 2181 630 2248 decebat,
660 2183 764 2238 eadem
788 2179 1003 2236 deliberatione
1031 2189 1113 2246 geete
1140 2179 1283 2232 fuisseml

231 2267 310 2330 elcut
329 2259 548 2332 laudatissimus
570 2275 731 2350 Princeps,
754 2275 829 2330 Dux
851 2271 1025 2341 Georgius,
1045 2273 1220 2340 ordinarat,
1236 2271 1283 2342 qui

228 2381 294 2422 non
329 2367 384 2422 nisi
414 2369 572 2424 rerltatem
599 2371 690 2442 quaeri
721 2371 835 2437 voluit,
865 2377 897 2422 et
922 2371 1042 2433 omnis,
1073 2365 1201 2438 quae'ad
1229 2366 1286 2420 hoc
1350 2397 1351 2400 =

233 2476 322 2532 quam
347 2463 461 2531 optime
484 2465 636 2532 valerent,
655 2467 746 2536 quein
766 2475 816 2533 tu,
835 2464 914 2518 bone
936 2443 1153 2532 Deus,'qnem
1172 2461 1286 2516 sincere
1349 2489 1351 2566 4

179 2607 183 2616 ,
231 2555 360 2612 inlitam
378 2567 492 2627 partem
514 2557 629 2619 laudas.
650 2557 811 2625 videlicet,
831 2557 912 2629 qnod
930 2555 1053 2627 optimae
1071 2555 1176 2626 optimi
1192 2554 1284 2610 Prin.
1350 2587 1351 2618 ,

155 2651 157 2656 ’
232 2650 307 2723 cipis
327 2643 490 2706 voluntatis
507 2651 583 2706 tetes
604 2651 702 2708 fuistis
722 2665 919 2710 executores.

290 2745 383 2820 -Qnitl
406 2757 438 2800 tu
462 2747 577 2800 faceres
601 2763 657 2818 pro
686 2747 812 2804 veritate
835 2748 1003 2816 siticerum,
1029 2747 1080 2817 qui
1103 2761 1165 2802 non
1185 2745 1284 2802 solunt

229 2839 421 2896 machinatus
441 2855 472 2894 es
492 2830 560 2896 cn'm
581 2841 659 2908 tuis,
679 2857 717 2895 ne
734 2839 897 2895 deliberate
913 2851 941 2894 et
955 2840 1114 2908 diligenter
1132 2841 1285 2912 proposita
1350 2871 1351 2910 3

182 2996 189 3011 ι
232 2935 346 2990 veritas
367 2947 570 3005 quareretur,
591 2937 643 2990 sed
658 2935 795 3003 gloriaris
813 2935 946 2992 etiamid
963 2935 1019 2990 bac
1030 2934 1162 3000 iustitia,
1180 2945 1286 3006 potens

232 3027 262 3082 in
281 3027 455 3100 iniquitate,
475 3027 503 3084 id
525 3031 616 3088 tiniee
634 3031 812 3101 querulam.
835 3029 967 3084 nonnihil
987 3028 1188 3100 periclitatam
1209 3029 1286 3084 lianc
1350 3013 1351 3040 ¹

123 3177 125 3184 ,
233 3129 316 3177 tuam
345 3123 538 3206 machinam?
562 3123 641 3180 Nem
662 3135 691 3179 et
712 3125 830 3195 publica
849 3123 877 3178 id
901 3123 1036 3178 indicasti
1057 3123 1199 3193 querela,
1218 3139 1286 3178 eum

125 3251 135 3262 ι
232 3233 315 3288 pane
334 3218 488 3288 plorares,
510 3219 592 3273 illum
611 3219 751 3276 babuisse
769 3219 921 3288 exemplar
937 3205 1059 3284 nutilrii,
1078 3233 1151 3272 cuin
1168 3229 1201 3273 tn
1213 3219 1288 3272 inte.

231 3311 290 3365 rim
313 3311 480 3366 laudabaris
504 3311 698 3380 Lipsensibus
721 3315 798 3376 tuis,
825 3313 905 3384 qnod
930 3312 1001 3367 uiliil
1025 3315 1165 3368 moratus
1182 3328 1290 3368 exem.

160 3415 162 3419 ’
231 3405 343 3474 pieria,
369 3407 459 3462 etiam
479 3405 671 3475 herispous
694 3419 800 3477 posses
820 3406 1014 3462 nibilominus
1034 3401 1288 3464 victoriosissime

44 3501 72 3568 .‘
138 3557 141 3562 ,
232 3497 655 3572 clamare(diiiputarevolui
676 3498 810 3566 dicere).
846 3499 884 3556 Et
907 3503 1063 3574 quomodo
1083 3491 1289 3574 nonposse'e,

232 3593 282 3663 qui
303 3592 414 3664 lingere
431 3596 564 3664 quodvis¹
582 3587 635 3648 tibi
655 3596 896 3665 praesumsisses?
924 3605 953 3649 et
981 3595 1082 3650 adhuc
1100 3607 1237 3668 apertum
1260 3605 1290 3655 et

233 3687 385 3744 sincerum
405 3689 492 3748 iiobis
510 3688 638 3744 Eccium
657 3691 798 3746 omnibus
816 3697 924 3744 notum
942 3689 1091 3746 obtrudit.

226 3897 230 3909 '
270 3891 316 3939 ·o)
335 3887 399 3936 vlt.
414 3880 481 3942 J'en.
500 3889 527 3938 1..
542 3892 671 3938 adhibitas.
689 3888 792 3937 durii.
810 3890 876 3941 turdi
889 3889 1117 3944 eluentbrtttli'tlitrr
1133 3891 1217 3938 adliitti
1233 3903 1282 3940 eas.

233 3967 430 3990 —u-——n—

284 4011 313 4063 *l
342 4013 371 4060 u.
385 4011 482 4067 sabuti
504 3995 702 4088 stertentum
717 4021 743 4064 itt
759 4013 880 4068 srmturt
900 4015 926 4060 tn
940 4013 1076 4066 stultiori
1099 4011 1182 4064 tuitii
1196 4013 1287 4070 apela-

233 4085 298 4142 giam
312 4103 334 4136 c.
349 4089 458 4138 Eccium.
475 4091 532 4144 liti.
546 4093 664 4140 bieleli.
679 4094 783 4140 lldain.
799 4094 842 4140 iit.
858 4095 972 4147 Jctoiuiri
987 4107 1009 4152 p..
1025 4092 1067 4140 ³61
