2714 4556
450 384 453 394 ,
571 305 661 374 1⁵16.
749 317 755 336 ·
1103 311 1143 380 tt

84 459 274 522 Vada-abidi
304 467 333 516 et
356 459 516 536 nuptum&
542 461 668 520 tinoerae
693 457 824 529 homini,
855 462 993 522 deterant
1011 463 1141 542 Longo.

153 561 194 616 S.
216 555 390 632 neolopr‘oe
417 555 537 612 Boooal.
561 555 776 617 Eremttaram
799 557 990 628 Erfitrdent.
1015 561 1141 634 Priori,

153 649 216 712 etti
234 643 270 708 ier
287 649 422 709 Domino
439 649 636 726 suspiciendo.
667 651 671 669 '

534 801 704 863 Jeaoo

78 929 242 1024 Salutem.
262 963 340 1034 ¹ides
357 966 474 1030 literar.
501 967 545 1024 mi
559 975 662 1040 pater,
684 969 720 1024 ad
734 967 875 1026 Priorem
889 963 1156 1040 anbaspenaem

82 1077 207 1134 queque
225 1061 342 1134 poteria
363 1059 507 1118 industria
527 1044 654 1132 perferri
673 1079 774 1134 quaeso
796 1079 887 1134 oure,
913 1078 949 1120 ao
965 1062 1141 1136 peouniam,

82 1157 112 1212 si
129 1172 222 1228 qoam
238 1155 276 1212 ad
295 1165 326 1210 te
346 1155 480 1228 miserit,
497 1157 596 1214 nuilus
612 1159 685 1214 item
704 1157 831 1226 facilius,
851 1172 941 1230 qoam
961 1165 1012 1226 to,
1029 1157 1064 1214 ad
1083 1171 1141 1216 nos

83 1250 249 1323 pervenire
270 1249 373 1306 isoiet.
396 1249 465 1306 'Scia
484 1249 564 1306 enim
579 1251 684 1320 genios
702 1252 841 1325 laresque
863 1251 1072 1308 et⁹ttniveraos
1088 1267 1143 1323 pe.

2 1359 8 1375 ·
83 1353 172 1400 natea
191 1351 318 1400 nostros
338 1358 427 1416 qoam
446 1343 507 1400 aiot
528 1359 620 1400 morae
638 1345 904 1420 impatientissimi.
924 1346 995 1418 ,quia
1014 1359 1143 1419 pauper.

83 1437 165 1494 rimi.
184 1435 417 1506 anhvegeoaia
429 1436 578 1510 siqnidem
591 1439 684 1496 frater
701 1449 770 1510 eget
786 1441 868 1513 ipae,
886 1450 917 1497 et
930 1439 1021 1496 debet
1037 1433 1139 1504 nobie,

84 1541 119 1588 et
137 1533 180 1588 ita
197 1541 265 1603 eget
283 1539 316 1588 et
327 1531 441 1601 «debet,
459 1541 493 1588 ot
509 1531 572 1588 oito
590 1534 811 1606 adjuvorieom
829 1541 981 1606 oporteat.

159 1626 287 1700 loeptiaa
302 1625 368 1682 ilias
381 1666 392 1696 ,
407 1641 482 1698 queo
500 1627 536 1680 ad
548 1642 598 1682 me
615 1628 739 1692 misisti,
759 1629 795 1683 de
815 1625 1083 1700 supplicationibus
1102 1623 1140 1680 ad

86 1723 118 1778 S.
137 1721 319 1778 Pontificem
336 1729 445 1777 eontra
463 1719 705 1790 theologaatroa,
723 1719 761 1794 ⁴⁸)
778 1721 866 1780 nimia
884 1729 1026 1794 apparet,
1044 1738 1060 1774 a
1077 1733 1140 1776 nott

86 1815 229 1872 modesto
246 1815 368 1886 ingenio
388 1814 519 1886 effiotaa,
536 1831 722 1899 prorsusqpe
740 1815 864 1870 eaodem
884 1814 1001 1870 olentes
1019 1825 1140 1882 testam,

88 1923 177 1982 qoam
193 1908 340 1982 Epistola
353 1907 557 1968 obscurorum
573 1911 722 1966 virorum.
740 1909 871 1978 Vuipatae
884 1917 984 1962 autem
1001 1915 1071 1962 aunt
1084 1921 1139 1978 per

85 2019 133 2059 me
147 2019 233 2076 pesae
253 2001 395 2060 omnibus
418 2015 609 2078 opportune,
626 2019 696 2066 oum
714 2017 850 2064 essemus
869 2015 976 2056 omues
1001 1999 1090 2056 simul
1109 1999 1139 2054 in

86 2098 278 2154 licentietura
295 2095 345 2166 (ut
359 2097 486 2166 dieitur)
504 2099 633 2171 quadam
646 2099 777 2154 duorum
795 2095 986 2150 medicorum
1005 2091 1138 2148 inritati:

86 2201 119 2248 et
137 2191 284 2250 omnibns
300 2191 379 2247 idem
393 2191 540 2264 judioium
559 2185 670 2247 inillis
691 2189 758 2245 ruit.

156 2285 261 2342 Faveo
276 2283 318 2366 D
329 2283 474 2343 Dootoris
491 2283 638 2354 Henninpi
653 2282 824 2339 honoribus
843 2281 987 2352 credide,
1006 2280 1139 2336 sednon

50 2451 54 2458 μ
88 2378 194 2436 minua
216 2378 305 2436 saluti
323 2378 383 2449 eJoe
403 2380 497 2436 timeo
514 2379 647 2451 trepide,
673 2393 711 2433 ne
730 2377 811 2432 iorte
830 2375 954 2432 tolletur
974 2375 1004 2432 io
1024 2371 1139 2444 altum,
1227 2447 1230 2454 .

86 2482 123 2530 ut
137 2473 225 2546 lrpsa
248 2473 387 2544 graviore
407 2483 493 2530 ruat:
526 2473 577 2530 det
597 2473 624 2528 ei
643 2471 796 2528 Dominae
814 2469 952 2527 modeste
968 2469 999 2525 in
1019 2467 1138 2526 mostis

83 2583 211 2642 sapere,
228 2582 323 2640 seque
342 2567 441 2640 ipsum
458 2567 570 2640 liquide
588 2581 763 2636 agnoscere»

148 2661 277 2720 Patrem
299 2661 339 2724 R·
361 2659 515 2720 vicarium
540 2662 571 2717 ia
593 2659 728 2718 Monaoo
754 2666 838 2730 recte
862 2658 1037 2736 quaesisses:
1068 2655 1138 2716 inde

63 2756 164 2812 ‘enim
184 2756 289 2813 literas
312 2755 350 2814 ad
372 2772 422 2812 me
439 2757 520 2812 dedit
539 2751 723 2828 Septembris
746 2757 789 2812 1ο.
803 2751 940 2822 Nescio,
968 2768 1004 2806 ιιι
1026 2750 1062 2805 ud
1080 2763 1138 2806 nos

81 2852 123 2908 ait
146 2859 314 2921 venturus,
347 2859 485 2922 sperator
510 2858 619 2908 tamen.
652 2848 734 2906 Mihi
757 2863 829 2904 sane
854 2844 980 2928 scribit,
1008 2859 1042 2900 se
1068 2841 1137 2914 cogi

79 2962 225 3014 manere,
243 2945 427 3003 necessitate
443 2945 562 3002 seilicet
580 2941 774 3018 paupertatis·
1050 2925 1052 2930 ’

149 3039 267 3097 Fratris
286 3041 351 3110 tui,
369 3039 430 3096 imo
446 3039 705 3110 nostriapostttae
721 3045 825 3090 eurem
841 3033 921 3089 habe
940 3033 1016 3106 epod
1028 3031 1139 3088 Domi.
1209 3045 1220 3067 t

78 3150 165 3193 num.
199 3133 312 3205 Neque
329 3133 409 3190 enim
429 3135 566 3195 deseres,
584 3133 695 3204 pietate
722 3143 863 3196 aversus,
884 3127 934 3198 qui
956 3135 987 3181 te
1004 3124 1139 3182 deseruit

81 3229 239 3310 impietate
266 3225 451 3288 adbversuet
480 3243 543 3284 non
567 3234 597 3281 to
615 3224 747 3291 cruciet,
771 3221 853 3294 quod
872 3219 1044 3278 scandalum
1063 3219 1140 3290 peti.

80 3325 173 3380 mini:
193 3323 270 3378 alter
287 3323 411 3378 alterius
432 3335 525 3378 onera
543 3325 666 3390 portare
685 3318 802 3386 vocati,
824 3313 984 3386 baptisati,
1008 3311 1139 3368 ordinati
1235 3316 1239 3331 ⁴

81 3423 266 3474 annueret
286 3415 447 3472 inhonesta
466 3421 571 3470 nostra
591 3412 807 3469 abundantiore
830 3411 950 3466 bonore
970 3406 1139 3462 oiroumda.

79 3525 161 3567 mna
194 3509 287 3572 etue
307 3509 374 3578 ortt
396 3512 445 3571 tte
466 3510 569 3570 attere
590 3500 790 3577 &dinitidat
805 3502 885 3571 itte:
910 3500 1051 3571 quoniam
1071 3497 1138 3554 tetta

82 3603 225 3662 cbristus
242 3603 333 3661 nobie
349 3605 416 3670 toit,
437 3615 494 3674 eat,
513 3605 572 3659 erit
589 3603 620 3658 ia
636 3613 792 3668 aeternam,
810 3597 891 3652 aiom
907 3594 1055 3668 toriptum
1073 3601 1136 3652 ests

78 3707 117 3756 tu
135 3716 167 3756 er
182 3698 328 3758 sacerdos
344 3699 377 3758 itt
395 3707 551 3756 acerram.

133 3905 163 3954 )
176 3901 242 3952 etat
254 3892 376 3954 isterttat
387 3898 497 3953 &ditm
509 3898 615 3946 ittittttt
630 3896 713 3942 'fauor
726 3890 913 3950 sopptteartrata
924 3889 1094 3949 Ptrqoitiiante
1109 3885 1136 3934 tr

80 3979 112 4028 T.
125 3981 158 4028 tt
184 3972 814 4040 Ριειιιιιιιοιιω,ρ.116ις.,ιιιιιιιιιι11111111
839 3969 1011 4028 uitiit'sspp.
1025 3967 1139 4015 obtruso·

79 4073 135 4108 ram
151 4059 273 4108 tiresum.
289 4059 347 4116 ibai.
366 4059 413 4110 iio.
429 4059 499 4108 xitt.
