2716 4556
86 333 91 344 ’
207 327 267 398 ³90
476 307 480 323 '
686 318 779 392 1520.¹
818 351 821 366 ι
920 280 955 356 ·’

284 425 292 438 .
316 387 326 428 l
847 435 850 453 ,

143 513 146 520 =
207 465 538 556 utrumque'speoiem,
557 473 649 552 quem
665 493 723 535 nee
736 477 814 550 jussi
833 477 1007 536 sumendam
1024 495 1083 536 neo
1102 477 1263 552 prohibui,

209 584 288 638 sieut
307 580 424 651 ipsimet
444 575 618 632 scholastici
637 590 759 655 quoque
777 575 957 634 docuerunt.

278 674 326 730 De
346 677 495 744 parentela
513 687 579 726 mes
596 687 686 726 nemo
705 669 830 726 certius,
844 669 976 740 referet,
1003 685 1095 742 quam
1122 670 1264 728 Comites

209 769 466 827 Mensleldenses:
487 766 581 821 credo
599 765 659 821 hos
678 765 789 820 heroes
809 775 925 822 tantum
942 764 1056 822 habere
1077 773 1109 822 et
1128 766 1265 824 nominis

211 877 240 920 et
265 863 432 922 autoritatis
450 861 479 916 in
499 861 644 931 imperio,
669 871 702 913 ut
724 859 753 914 in
771 859 829 916 hso
847 877 881 914 re
897 869 1071 917 mereantur
1089 859 1147 918 sibi
1167 861 1264 917 credi.

211 958 353 1029 Suspicor
375 955 437 1012 hoo
455 964 660 1012 commentum
687 967 752 1010 esse
774 954 953 1011 semiustum
978 970 1018 1010 ex
1040 955 1264 1012 Oohsenisrtio

211 1051 357 1122 theologo
377 1051 534 1124 Lipsensi.
555 1051 653 1122 quiet
671 1047 799 1103 Eooium
817 1049 953 1104 occisum
971 1049 1147 1114 effinxerat,
1166 1051 1265 1107 nostri

212 1148 388 1221 explorandi
410 1148 522 1217 gestis:
548 1146 644 1202 homo
662 1143 735 1202 satis
755 1143 911 1216 impatiens
931 1159 993 1199 sune
1010 1152 1042 1199 et
1062 1143 1195 1200 eliorum
1214 1161 1269 1216 ps.

143 1309 146 1324 ι
167 1299 172 1318 ,
213 1245 277 1312 ois,
294 1255 415 1314 perotus
434 1239 546 1314 ubique
561 1255 691 1308 nouere,
710 1239 915 1306 miserrimus,
939 1254 996 1294 neo
1021 1249 1134 1308 potens
1154 1249 1266 1296 temen.

113 1387 115 1395 ,
140 1335 143 1342 “
233 1345 236 1354 ·
283 1336 430 1394 Caeterum
448 1353 503 1406 ego
521 1345 608 1392 natus
627 1350 695 1392 sum
713 1335 743 1390 in
759 1331 919 1396 Eisleben,
937 1331 1171 1406 baptismusque
1188 1332 1267 1407 opud

212 1429 242 1489 d.
261 1429 394 1488 Petrum.
406 1427 524 1488 ssnidem.
563 1429 634 1486 Hae
652 1445 713 1485 non
731 1428 870 1496 memini,
896 1429 950 1483 sed
962 1427 1147 1518 'parentibus
1165 1437 1196 1484 et
1215 1445 1266 1502 ps.

212 1525 278 1580 triu
298 1525 472 1583 hominibus
491 1525 597 1583 credo.
631 1523 778 1581 Parentes
796 1523 857 1578 mei
874 1522 912 1576 de
934 1537 1029 1594 prope
1047 1521 1179 1578 Iseneeo
1195 1523 1266 1578 illue

212 1617 388 1686 migrarunt.
435 1620 593 1676 Isensoum
621 1618 700 1674 enim
725 1632 808 1689 pene
831 1626 929 1676 totam
951 1612 1144 1686 'parentelam
1169 1633 1266 1672 meant

100 1733 107 1742 “
211 1709 321 1788 lrsbet:
340 1720 371 1768 et
391 1711 452 1770 illio
472 1713 656 1770 abcissum
675 1714 792 1782 agnitus
811 1721 842 1766 et
866 1711 957 1766 hodie
976 1719 1086 1778 notus,
1108 1728 1181 1766 erm
1196 1729 1266 1783 qus.

214 1805 350 1862 driennio
377 1806 439 1863 illio
462 1807 557 1864 literis
588 1793 710 1882 operum
733 1805 878 1862 dederim.
918 1787 1073 1861 Nee'ull·
1091 1805 1202 1862 eivitss
1218 1823 1263 1860 me

213 1900 365 1958 notiorem
388 1901 444 1958 sibi
465 1901 569 1958 hebet.
608 1900 702 1976 Spero
726 1909 828 1956 sutem
851 1915 913 1956 non
934 1899 1026 1954 luisse
1050 1909 1116 1954 tom
1139 1901 1263 1968 stultos,
1339 1879 1340 1892 ἵ

214 2003 250 2052 ut
271 1994 399 2052 Lutheri
427 1996 539 2067 filium,
565 1994 640 2052 nlius
665 2002 828 2068 nepotem,
853 1993 927 2050 elius
953 1994 1166 2062 svunoulum,
1194 1995 1264 2050 elius

215 2089 435 2148 consobrinum
463 2091 586 2164 (qualos
616 2089 657 2146 ibi
689 2089 803 2146 multos
830 2087 952 2156 habeo)
982 2087 1040 2144 sibi
1068 2089 1215 2159 duoeret,
1239 2091 1264 2146 si

216 2193 333 2254 putrem
361 2197 392 2241 st
418 2196 549 2242 matrem
572 2185 705 2250 Boemos
730 2193 761 2251 et
788 2185 882 2253 alios,
908 2199 998 2254 quam
1025 2183 1105 2256 apud
1130 2197 1184 2238 eos
1208 2183 1264 2238 neti

215 2284 305 2344 sunt,
340 2259 480 2336 scissent.
522 2279 686 2350 Reliquum
712 2281 806 2336 aetstis
834 2279 864 2334 in
892 2278 993 2335 studio
1020 2287 1050 2332 et
1082 2279 1266 2334 monasterio

215 2367 406 2428 Erfurdiensi
432 2373 549 2444 peregi,
575 2390 673 2447 usque
699 2376 735 2430 ed
763 2373 1035 2444 Wittembergsm:
1066 2371 1265 2444 Mogdebnrxi

112 2457 116 2468 ⁴
210 2463 308 2520 etism
324 2479 386 2522 uno
410 2482 505 2534 anno,
526 2469 772 2539 quartodecimo
791 2469 909 2525 scilieet
926 2471 1042 2537 atatis,
1061 2469 1118 2524 fui.

287 2553 387 2614 Habes
412 2561 504 2616 vitam
522 2577 620 2616 meam
646 2569 676 2616 et
696 2565 896 2632 parentelam:
922 2562 1032 2618 vellem
1054 2571 1166 2629 sutem,
1185 2563 1264 2618 sicut

220 2652 360 2708 Christus
384 2671 489 2709 coram
512 2655 633 2711 Herode
654 2665 685 2710 et
706 2658 813 2724 Anna,
837 2659 918 2712 hsno
939 2672 1004 2711 rem
1022 2657 1139 2724 taceri,
1164 2663 1197 2710 ut
1217 2657 1265 2710 in.

218 2757 321 2802 rentes
333 2747 482 2829 'homines
505 2765 571 2805 sese
592 2751 678 2820 digne
699 2751 875 2818 crederent,
900 2751 999 2806 donee
1019 2749 1203 2810 erubescant
1217 2749 1269 2806 sli-

201 2829 204 2840 ’
220 2842 351 2912 quando.
387 2843 551 2901 Generstio
574 2855 638 2914 est,
664 2861 729 2916 quae
748 2839 805 2900 n'eo
826 2853 916 2902 cantu
932 2861 989 2899 neo
1009 2845 1095 2900 luctu
1109 2855 1265 2914 movetur,

221 2936 269 2990 oui
289 2935 400 2992 frustra
421 2941 581 3010 quaeritur,
599 2950 634 2996 ut
651 2943 747 3012 prosit
766 2939 844 2994 ullus
863 2938 1031 3024 hominum.

288 3029 352 3084 Hae
371 3031 448 3086 hors
468 3033 569 3090 literas
592 3043 656 3090 tuas
676 3035 779 3116 eeoepi
802 3035 839 3090 de
867 3033 978 3092 Carolo
1007 3015 1152 3097 Miltiuot
1179 3051 1265 3107 quem

221 3120 330 3180 scribis
343 3120 482 3195 ,iurasse,
500 3143 549 3210 me
568 3145 628 3184 non
648 3129 740 3186 fuisse
760 3131 858 3186 visum
875 3129 942 3188 sibl.
978 3129 1041 3185 Cur
1061 3147 1136 3200 ergo
1152 3129 1267 3186 tonsori

222 3218 366 3287 Andreae,
386 3220 473 3276 socio
489 3219 605 3278 itineris
625 3224 688 3295 ejus
709 3225 790 3280 sooto
804 3220 837 3290 ⁸)
854 3211 950 3299 usque
969 3224 1000 3278 in
1016 3223 1178 3292 Pretisoh‚
1193 3239 1265 3277 oon.

221 3313 320 3369 lessus
340 3321 387 3368 est
405 3313 462 3381 (ut
482 3314 534 3371 hio
553 3312 648 3388 palem
663 3318 791 3388 jootst),
809 3334 842 3374 se
863 3317 986 3393 uidisse,
1006 3325 1037 3373 et
1055 3319 1178 3385 neseio,
1195 3332 1268 3390 quos

222 3405 302 3460 dirus
326 3395 431 3462 contra
450 3425 500 3464 ms
521 3412 693 3468 excitasse?
728 3413 784 3468 Sed
799 3413 882 3481 sine,
905 3413 1111 3482 mentiuntur,
1138 3413 1270 3484 lingent,

19 3517 25 3530 ·
124 3581 126 3590 Ι
216 3499 356 3570 sapient,
381 3511 416 3558 ut
432 3513 472 3559 ut·
484 3503 596 3560 volent.
633 3504 688 3561 Me
705 3515 811 3578 petunt
831 3507 951 3574 omnint
978 3517 1068 3580 utque
1089 3509 1204 3566 utinam
1220 3505 1271 3562 de.

223 3602 288 3662 ret,
303 3597 393 3670 ¹cito,
416 3615 477 3670 quo
496 3600 646 3670 elegendi
670 3610 701 3656 et
724 3598 852 3659 docendi
874 3589 974 3658 officio
995 3603 1143 3659 solverer.
1185 3599 1269 3659 Nihil

224 3687 303 3742 enim
323 3706 406 3780 aequs
433 3695 561 3766 optarim
587 3693 754 3768 (qnantum
777 3698 807 3754 in
824 3713 874 3753 me
898 3698 979 3770 est).
1016 3697 1153 3770 Quodsi
1178 3696 1272 3770 persi.

223 3779 363 3838 stendu'm
379 3795 425 3839 est
442 3787 473 3842 in
485 3789 638 3853 docendo,
652 3793 692 3847 mi
706 3783 873 3866 Spoletinis,
891 3810 952 3850 non
964 3793 1097 3866 intelligo
1112 3793 1271 3852 eonsilium

224 4085 242 4130 c
273 4005 399 4138 :illitu
422 4009 599 4070 iittstnmtuttl
621 3997 758 4070 etulerint·
784 4015 889 4068 duris.
908 4017 989 4068 sotius
1013 4041 1041 4063 n-
1066 4015 1149 4072 ftctsi
1175 4015 1199 4072 [⁰
1218 4009 1272 4063 *ΙΨ

251 4097 297 4142 0,.
338 4099 383 4142 ep.
