2766 4550
585 283 678 358 tntu
846 365 856 376 ⁴
1112 295 1153 363 19

99 441 288 504 merallu·
307 445 406 503 Patri
423 443 623 521 relr'qr'osoqroe
640 445 741 516 Vtro,
761 443 895 520 Georqto
911 441 1049 520 Leiffsr,
1071 446 1154 504 Ere·
1168 515 1192 522 ..

167 541 256 597 mua
272 540 507 616 Aapustintono
520 537 735 608 modiano,
760 540 858 596 Patri
876 557 932 598 suo
952 543 987 600 'm
1008 543 1152 603 Domino
1191 565 1197 576 ·

547 661 741 749 Jeausa

96 820 245 913 Salutem
261 856 293 912 in
311 853 450 913 Domino
468 863 499 912 et
517 855 663 928 paraclito
681 856 756 928 ejus.
792 855 916 930 Optim'e
930 855 1025 914 Pater
1042 863 1078 920 et*
1089 860 1155 917 dul.

97 953 145 1008 eie
167 951 278 1007 Frater
300 951 332 1006 in
359 951 520 1018 Domino,
544 951 632 1006 audio
651 949 881 1010 Frateruitatem
906 961 987 1012 turm
1012 957 1157 1028 procellis

98 1057 250 1104 tentatam
264 1047 371 1118 agitari
393 1057 423 1102 et
448 1046 697 1131 variiefluotibus
715 1047 893 1120 inquietaris
912 1049 964 1105 sed
978 1049 1157 1108 benedictus

98 1142 189 1200 Deus
213 1153 303 1214 pater
326 1143 605 1198 misericordiarum
628 1151 660 1198 et
687 1142 771 1198 Deus
802 1143 894 1198 totius
919 1145 1157 1216 consolationis,

98 1239 152 1313 qui
174 1238 313 1312 providit
329 1237 384 1294 tibi
403 1239 572 1310 optimum,
590 1246 733 1310 quantum
749 1239 779 1292 in
793 1236 967 1294 bominibus
987 1248 1087 1310 potest
1103 1239 1159 1296 he-

101 1332 189 1402 beri,
216 1331 399 1406 paraclitum
426 1341 457 1387 et
483 1325 731 1402 consolatorem,
764 1329 802 1387 R.
827 1331 950 1389 Patrem
974 1328 1158 1402 Magistrum

100 1427 381 1484 Banholotnaeum:
400 1435 518 1482 tantum
534 1443 614 1482 ouras
630 1435 687 1482 tuae
703 1426 806 1498 luerit,
823 1443 913 1484 sensu
927 1437 957 1483 et
975 1430 1156 1486 uestimento

102 1525 231 1594 proprio
251 1521 373 1592 abjecte
392 1521 471 1577 illiue
489 1521 590 1578 verbis
610 1522 713 1579 locum
730 1523 801 1578 dere
822 1524 852 1578 in
868 1524 1047 1582 cordetuo.
1077 1525 1159 1579 Cer.
1180 1531 1185 1542 '

106 1625 159 1675 tus
182 1619 260 1672 enim
279 1630 349 1672 sum
373 1626 403 1672 et
429 1632 469 1672 ex
488 1617 546 1672 mei
565 1625 596 1672 et
623 1618 667 1673 tui
688 1617 872 1690 experientia
892 1619 1017 1688 doetus,
1041 1620 1103 1676 imo
1127 1628 1159 1676 et

107 1713 263 1780 omnium,
282 1727 360 1786 quos
383 1727 515 1782 unquam
531 1709 591 1765 vidi
608 1711 772 1783 inquietos,
793 1713 877 1799 sqio,
898 1716 980 1785 quod
1002 1715 1066 1770 sola
1086 1731 1158 1787 pru.

106 1807 207 1862 dentia
223 1823 330 1864 sensus
344 1806 442 1864 nostri
461 1821 550 1860 causa
566 1805 607 1862 sit
628 1815 659 1860 et
675 1807 766 1864 radin
780 1807 927 1862 universae
945 1809 1158 1892 ipquietudinitt

103 1910 227 1974 nostrae.
264 1899 384 1956 Oculus
405 1901 485 1954 enim
503 1908 607 1956 noster
629 1915 758 1971 nequam
772 1909 819 1956 est
839 1901 940 1964 valde,
961 1903 992 1958 et
1007 1909 1040 1955 ut
1059 1901 1096 1954 de
1109 1915 1159 1954 me

103 1995 239 2066 loquar,
255 1995 327 2053 hui!
349 1995 379 2050 in
397 1995 515 2068 quantis
533 2011 582 2050 me
600 1993 730 2050 miseriis
746 1993 889 2062 vexavit,
906 2001 937 2048 et
954 1993 1159 2066 usquemodo

106 2098 200 2160 vexat
221 2097 370 2144 extreme.
769 2083 774 2094 '

180 2183 272 2238 Crux
291 2179 403 2240 Christi
422 2185 517 2242 divisa
536 2189 582 2240 est
603 2200 658 2256 per
682 2191 782 2240 tolum
806 2163 969 2237 mundum:
999 2179 1162 2252 unicuique

113 2293 169 2334 sua
187 2277 293 2350 portio
314 2275 431 2334 obvenit
452 2294 583 2350 semper.
627 2275 678 2334 Tu
702 2293 775 2346 ergo
797 2293 834 2330 ne
859 2269 980 2348 abjicias
999 2261 1083 2341 e'am,
1109 2273 1163 2328 sed

47 2427 55 2446 ,
115 2370 223 2440 potius
240 2380 273 2424 ut
291 2385 486 2428 sacrosanctas
502 2373 643 2445 reliquias
661 2371 820 2444 suscipias,
840 2385 901 2426 non
920 2369 955 2426 in
969 2353 1093 2446 nuruum
1112 2365 1162 2421 vel

114 2473 291 2535 argenteum
310 2467 478 2538 ferculum,
495 2467 548 2522 sed
566 2467 596 2522 in
619 2481 744 2521 aureum
755 2504 765 2534 ,
784 2465 813 2520 id
834 2469 1072 2548 eet,xmnnsueta
1092 2459 1164 2514 cha.

109 2560 201 2615 ritate
224 2559 372 2616 imbutum
394 2577 461 2619 eor.
503 2561 531 2615 Si
555 2561 634 2616 enim
653 2559 765 2628 lignum
780 2557 881 2616 crucis
899 2565 1044 2613 contactu
1063 2553 1163 2611 earnis

108 2663 141 2709 et
154 2655 308 2725 sanguinis
330 2653 444 2712 Christi
463 2655 504 2712 ita
522 2664 733 2710 consecratum
751 2663 797 2709 est
803 2693 820 2738 ἢ
840 2661 874 2708 ut
892 2651 1024 2724 reliquia
1039 2649 1166 2706 nobilis.

108 2749 186 2803 elme
201 2749 388 2806 habeantur:
416 2747 638 2821 quantomagis
656 2747 790 2818 iniuriae,
808 2747 1078 2820 persequutiones,
1097 2757 1167 2812 pas.

109 2842 233 2906 aiones,
263 2851 295 2898 et
320 2843 390 2899 edin
407 2842 596 2912 hominum,
624 2843 858 2914 sivejustorum
882 2841 946 2895 sive
964 2837 1166 2910 injustorum,
1184 2817 1189 2838 ‘

67 2960 76 2984 ·
108 2933 307 2992 sanctissimae
329 2946 400 2994 eunt
423 2939 573 3010 reliquiae,
595 2953 661 3008 quaa
685 2953 746 2990 non
769 2945 853 2990 tactu
876 2933 975 2990 earnis
996 2931 1080 3002 ejus,
1110 2929 1178 2984 aed·

108 3031 327 3088 amarosissimi
359 3031 461 3090 cordis
487 3032 534 3088 sui
559 3041 590 3088 et
605 3027 728 3086 *deificas
753 3029 915 3086 voluntatis
939 3044 999 3083 suae
1019 3023 1167 3080 charitate

107 3128 283 3200 amplexae,
318 3127 462 3184 osculato
489 3137 520 3182 et
544 3126 738 3194 benedictas,
769 3121 954 3192 nimiumque
981 3127 1169 3175 consecratu
1210 3197 1217 3208 ·

108 3232 197 3284 sunt,
214 3224 287 3296 quia
301 3221 475 3278 maledictio
490 3237 638 3278 conversa
658 3229 704 3274 est
723 3219 752 3273 in
772 3213 1042 3280 benedictionem,
1072 3221 1102 3265 et
1123 3211 1170 3265 in·

105 3315 186 3384 juria
214 3318 245 3371 in
272 3315 466 3388 equitatem,
498 3327 529 3370 et
551 3316 650 3388 passio
672 3315 702 3369 in
723 3295 870 3384 gloriani,
896 3319 929 3366 et
945 3323 1026 3364 crux
1044 3307 1073 3361 in
1096 3299 1169 3374 gati-

111 3409 202 3465 dium.
239 3409 332 3475 Vale,
365 3411 462 3466 duleis
487 3409 581 3467 Pater
605 3419 637 3464 et
658 3408 781 3476 Frater,
809 3415 840 3462 et
862 3421 916 3462 ora
943 3419 999 3474 pro
1024 3415 1084 3456 me.
1118 3397 1169 3454 Ex
1246 3395 1250 3403 “

112 3501 332 3574 Wittemberg,
350 3507 393 3560 15.
412 3505 460 3562 die
478 3504 609 3578 Aprilis,
636 3520 713 3558 anno
732 3497 887 3560 Mval.

518 3655 521 3662 Δ
615 3595 646 3652 ll.
665 3597 816 3654 Martinus
832 3588 988 3652 Ltltherus
1006 3588 1167 3680 huguitio.

496 3803 789 3828 w
