2686 4560
227 315 287 386 ssi
421 271 463 290 ⁶·
650 317 801 418 ¹1⁵21.
872 275 878 286 ¹

228 479 258 534 in
280 469 360 534 diem
380 479 471 548 magis
495 477 592 532 causis
616 491 683 532 sese
705 489 812 552 mutuo
842 473 1034 546 gignentibus
1064 473 1197 535 differre
1221 495 1290 532 coa.

227 583 295 629 ctus
316 573 438 630 luerim:
458 573 560 628 nescio
578 571 626 626 cui
643 569 759 626 referre
777 570 901 626 debeam
920 581 1095 641 acceptum.
1135 570 1287 626 iudicasti

225 677 259 724 tu
278 667 392 740 optimo
412 665 531 738 quidem
549 666 696 734 consilio,
721 675 755 720 ut
773 663 952 736 posthabitis
969 666 1103 734 rixosis,
1135 666 1286 720 mordaci.

224 761 282 819 bus
307 773 337 818 et
359 761 538 832 turbulentis
560 760 795 831 scriptionibus,
822 757 1009 830 quibusjam
1028 761 1158 814 tertium
1176 775 1286 813 annum

224 857 357 928 perdidi,
383 857 476 934 sacris
500 865 528 911 et
555 855 678 926 placidie
696 853 802 912 studiis
819 853 1028 922 inservirem,·
1043 856 1076 908 et
1086 853 1184 924 juxta
1202 853 1286 908 Psal-

224 952 290 1006 terii
309 949 474 1006 elucidandi
489 949 624 1005 laborem
640 933 845 1004 enarrationes
855 945 1071 1018 ‘Epistularum
1091 957 1126 1002 et
1145 947 1281 1016 Evange-

158 1055 163 1060 '
222 1045 348 1108 lictum,
370 1061 443 1116 quas
463 1045 553 1114 vulgo
574 1044 709 1116 postillac
727 1051 854 1118 vocant,
878 1059 934 1112 pro
955 1042 1050 1110 vulgo
1068 1051 1232 1112 pastorum
1253 1051 1284 1097 et

221 1139 404 1210 populorum
430 1137 636 1194 elaborarem:
657 1145 750 1191 'ratus
777 1135 836 1190 hac
867 1135 983 1212 ratione
1014 1136 1108 1204 lore,
1142 1147 1175 1190 ut
1201 1137 1283 1192 mole

220 1234 333 1290 borum
354 1219 698 1305 operamo'ccupatus‚
724 1229 772 1284 vel
800 1229 900 1284 invitis
931 1229 1139 1299 adversariis,
1174 1247 1281 1302 pacem

133 1355 137 1363 ,
219 1325 375 1382 haberem.
420 1325 469 1381 Sic
493 1327 570 1380 enirn
592 1309 807 1392 estingenium
826 1331 935 1390 tuum,
966 1324 1140 1378 secundum
1167 1341 1281 1380 nornen

219 1430 305 1476 tuum
327 1419 504 1492 pacilicum,
528 1429 560 1494 ut
584 1434 644 1474 non
667 1417 807 1473 obscuris
827 1433 883 1472 nec
901 1418 977 1471 raris
996 1419 1188 1486 argumentis
1206 1419 1280 1476 milti

219 1514 400 1582 declararis,
434 1501 672 1584 quam'ntolesto
698 1511 778 1568 feras
800 1511 900 1566 animo
921 1514 1139 1568 contentiones
1163 1515 1230 1572 illes
1249 1527 1277 1571 et

159 1653 163 1669 ,
218 1609 397 1678 quaestiones
417 1607 453 1660 de
472 1589 662 1696 tanassqtmd
688 1605 790 1676 ajunt)
817 1605 938 1674 caprina
967 1603 1080 1673 (liceat
1104 1609 1186 1664 enim
1203 1607 1276 1665 milri

217 1701 260 1756 sic
280 1709 474 1756 contemnere
489 1699 645 1776 magnilica
663 1699 710 1754 illa
725 1709 856 1767 quastus
873 1701 1076 1758 ecclesiastici
1094 1705 1274 1773 certamina,

127 1831 141 1842 -
217 1803 247 1851 et
265 1811 333 1850 cum
352 1793 507 1866 Propheta
524 1779 680 1848 B‘eibaven
699 1807 715 1846 e
733 1791 841 1848 Bethel
860 1793 994 1860 lacere).

285 1889 342 1944 Sed
358 1897 387 1943 et
400 1863 528 1958 ipsemet
546 1871 607 1943 non
624 1885 711 1942 facile
733 1887 880 1957 dixerim,
899 1903 988 1958 quam
1006 1887 1120 1946 invitus
1138 1890 1184 1944 lris
1203 1899 1268 1945 tnr.

141 2010 145 2023 ·
215 1984 262 2042 bis
282 1984 432 2054 jactatus,
461 1992 491 2038 et
513 1999 529 2036 a
552 1981 628 2038 meis
651 1982 757 2038 studiis
780 1982 901 2038 avulsus
925 1981 1059 2049 luerim,
1086 1995 1118 2039 ut
1138 1986 1216 2040 carni
1233 1997 1264 2040 et

215 2079 349 2149 sanguini
370 2094 439 2133 meo
457 2093 518 2132 non
538 2077 688 2148 potuerim
707 2077 825 2148 penitus
841 2076 1008 2146 imperare,
1028 2079 1104 2149 quin
1124 2079 1267 2150 importa.

213 2189 274 2230 aas
294 2174 366 2230 istas
388 2171 600 2244 improborum
627 2171 826 2244 procacitates
845 2163 985 2246 psp‘erius
1009 2187 1105 2241 quam
1128 2189 1185 2245 pro
1201 2175 1264 2228 reli.

212 2268 301 2336 gione
316 2265 351 2333 ²)
379 2267 526 2322 modestia
552 2274 726 2322 tractarem.
771 2263 954 2335 loquare,
982 2273 1101 2320 utnon
1123 2268 1264 2337 deprecor

212 2357 348 2428 culpam,
375 2359 416 2414 ita
440 2358 514 2412 milti
534 2359 653 2413 veniam
675 2373 736 2413 tton
756 2360 857 2428 negari
877 2373 967 2429 spero
986 2359 1026 2413 ab
1046 2360 1128 2426 ullo,
1149 2363 1200 2431 qui
1215 2363 1265 2416 sal.

166 2438 173 2462 ⁸
211 2461 274 2510 tem
290 2451 500 2524 perpenderit,
527 2461 655 2526 quantos
677 2447 797 2509 Leones
814 2451 932 2520 Moab,
959 2463 1095 2524 quantos
1117 2455 1263 2512 Rabsaces

197 2544 432 2618 ¹Assyriorum,
461 2556 589 2618 quantos
615 2547 745 2617 denique
775 2553 919 2610 extremae
941 2546 1115 2604 virulentias
1136 2551 1263 2606 Semeios

210 2659 288 2700 unus
308 2659 364 2712 ego
384 2651 445 2697 tant
463 2643 513 2698 diu
532 2642 678 2702 sustinere
697 2642 873 2714 compulsus
893 2641 1021 2710 luerim,
1038 2645 1103 2700 mei
1117 2646 1262 2700 etmnlto.

210 2751 279 2794 rum
300 2738 439 2807 jactura,
467 2733 577 2810 quibus
595 2738 623 2792 in
642 2735 737 2792 verbo
756 2735 817 2790 Dei
835 2737 981 2808 prodesse
1000 2739 1184 2806 potuissem.
1218 2740 1262 2794 Sic

124 2861 127 2879 ι
199 2839 310 2898 *tamen
335 2831 365 2886 in
390 2827 437 2890 bis
456 2831 597 2904 procellis
615 2830 770 2886 fluctuavit
787 2831 902 2886 animus
920 2835 1030 2900 meus,
1056 2841 1093 2886 nt
1116 2849 1259 2906 nunquam
1330 2827 1332 2902 J

210 2925 404 2996 desponderit
420 2921 458 2992 ι1)
483 2941 568 2998 spem
586 2926 736 2998 potiuodae
755 2925 913 2995 aliquando
932 2925 1036 2994 pacis,
1062 2943 1130 2998 quo
1148 2942 1254 2982 rnorem
1330 2909 1331 2913 ¹

208 3028 268 3074 tusa
294 3019 469 3076 (lelsitudini
489 3036 643 3088 gererem:
671 3035 833 3091 perquam
850 3017 1015 3092 Evangelio
1035 3017 1160 3088 Christi,
1178 3021 1253 3091 qnod

129 3093 135 3116 ¹
209 3113 338 3174 dubitari
358 3129 421 3169 non
440 3122 565 3185 potest,
584 3130 646 3168 non
665 3129 768 3182 parum
787 3112 916 3168 contulit
934 3111 1147 3171 misericordia
1163 3113 1230 3170 Dei.

278 3207 320 3262 At
338 3223 408 3262 cum
427 3208 545 3264 videam
563 3225 644 3262 nunc
662 3217 747 3278 spem
764 3221 863 3260 meam
881 3191 1121 3265 luisse'merum
1134 3210 1258 3266 bominis

115 3363 119 3376 x
207 3303 373 3370 cogitatum
396 3310 427 3357 et
445 3302 580 3372 quotidie
600 3301 660 3356 alto
684 3301 756 3354 huic
776 3300 850 3354 mari
867 3317 976 3370 magno
999 3302 1093 3359 attins
1111 3305 1260 3371 involvar,

206 3393 363 3466 reptilibus
386 3395 567 3464 innumeris,
593 3395 768 3450 animalibus
790 3395 903 3464 magnis
925 3411 996 3451 cum
1020 3401 1129 3468 parvis
1145 3409 1259 3454 mutuat

205 3490 286 3544 vires
305 3501 336 3544 et
354 3505 461 3560 operas
473 3487 685 3564 jungentibus:
705 3489 793 3544 simul
817 3489 904 3544 video
925 3491 990 3560 spei
1015 3493 1076 3545 mei
1096 3493 1260 3548 tentatione

204 3583 340 3654 §stanam
354 3583 435 3640 ‘aliud
454 3583 526 3638 nibil
547 3583 739 3656 quaesivisse,
758 3599 846 3654 quarn
867 3593 901 3637 ut
918 3587 1010 3639 sensu
1028 3585 1173 3642 vanitatis
1191 3603 1260 3641 rnen

204 3674 369 3742 distentus,
389 3678 509 3734 tandem
528 3678 557 3732 in
577 3687 674 3732 totum
696 3675 733 3730 ab
754 3679 891 3732 instituto
910 3693 982 3732 meo
1003 3677 1121 3735 alienus
1141 3680 1259 3748 fierem,

204 3777 234 3823 et
250 3773 319 3823 ante
337 3770 526 3838 migrandum
544 3780 623 3828 esset
642 3771 670 3828 io
690 3767 894 3843 babylonem,
914 3788 1005 3844 quam
1025 3789 1103 3830 meas
1121 3775 1258 3833 Hierusa-

646 3899 719 3920 μ

179 4015 182 4025 ¹
214 3942 218 3948 ¹
254 3969 283 4012 a)
311 3963 534 4022 mitiisrellgionis.

253 4043 284 4093 b)
312 4045 326 4095 J
335 4055 378 4088 en.
394 4043 557 4114 desponderis.
845 4049 883 4078 *a
