2760 4556
236 305 293 380 tls
714 307 803 372 1511.

233 479 294 525 nott
319 467 391 528 satis
414 465 514 552 ualere
539 472 645 522 contra
667 479 766 520 meam
790 463 1038 534 conclusionem,
1057 464 1191 520 maxime
1213 481 1288 520 cum

231 569 373 634 torqueat
404 545 434 616 11
460 561 591 617 alienum
619 575 741 616 sensum
772 557 960 630 Scripturas,
1002 567 1033 614 et
1059 557 1200 613 abutatur
1230 560 1288 614 eis.

230 657 300 713 Hoc
319 654 445 710 verbum
458 661 633 726 ,torquere
650 663 698 721 11,
717 653 817 723 abuti,
834 654 911 708 mire
931 653 1093 726 torquebat
1115 654 1287 736 hominepn,
1362 729 1365 738 Α

206 761 262 807 ’11
287 749 386 805 adlatae
409 735 552 818 torquet,
578 755 612 803 ut
636 748 766 804 indicant
792 747 885 803 literae
907 747 982 818 ejus
1024 748 1127 805 Voluit
1151 749 1232 803 enim
1255 761 1288 804 11

230 845 295 901 vult
312 841 408 898 verba
426 839 555 931 humana
579 839 737 898 Pontificis
759 835 936 914 sinrpliciter
958 843 1070 915 accipi,
1093 861 1155 900 non
1179 843 1288 900 habita

228 939 361 1006 ratione,
381 955 416 992 an
434 937 625 993 consentiant
643 951 713 993 cnm
731 936 914 1009 Scripturis‚
932 955 988 992 uec
1007 955 1059 992 ne.

205 1073 217 1090 .
297 1031 426 1100 Verum,
445 1031 559 1103 optime
578 1031 743 1103 Princeps,
761 1031 916 1102 permittat
936 1029 1091 1088 Celsitudo
1111 1041 1178 1102 tua,
1198 1041 1286 1088 1111

228 1141 285 1198 ego
303 1127 444 1198 tanquam'
466 1142 571 1182 coram
594 1124 671 1180 laico
690 1125 769 1180 hanc
790 1131 1020 1193 111111111111,
1040 1125 1070 1182 11
1093 1136 1156 1194 111,
1176 1142 1282 1182 crasse
1364 1153 1365 1160 1

228 1207 260 1276 11
278 1229 391 1294 aperte.
426 1217 504 1300 Volo
522 1219 643 1274 interim
662 1217 801 1274 oblivisci
822 1219 1004 1274 acerrimum
1024 1219 1113 1288 illud,
1133 1221 1285 1276 etomni.
1329 1201 1333 1208 ⁶
1364 1285 1365 1290 ἵ

120 1351 123 1358 -
198 1369 206 1376 .
227 1315 286 1372 bus
306 1314 488 1374 doctissimis
512 1329 634 1385 quoque
655 1312 844 1382 formidabile
858 1313 1027 1383 judicium,
1053 1329 1115 1386 quo
1129 1313 1218 1370 Deus
1236 1315 1284 1370 11.

227 1409 348 1479 aignivit
376 1425 435 1480 pras
467 1408 628 1470 omnibus,
661 1423 739 1480 quos
768 1416 873 1462 nostra
910 1407 982 1462 vidit
1010 1417 1098 1476 aetas,
1127 1407 1283 1478 ingenium
1341 1447 1347 1462 .

164 1571 169 1582 ‚
225 1499 377 1576 Principis
392 1503 548 1558 Friderici.
566 1481 667 1558 'Dico
686 1491 802 1576 itaque,
825 1517 887 1556 non
907 1517 973 1556 esse
991 1519 1093 1557 rarum
1114 1513 1204 1574 atque
1222 1520 1283 1560 no.

158 1605 166 1628 ·“
227 1614 315 1664 vum.
346 1599 515 1670 Scripturas
536 1607 654 1654 sanctas
675 1614 691 1651 a
709 1593 907 1668 Pontificibus
927 1605 957 1654 et
973 1595 1152 1652 doctoribus
1165 1599 1280 1654 sanctis

226 1691 320 1763 luisse
344 1699 441 1748 tortas
462 1702 492 1747 et
511 1691 541 1746 in
559 1690 687 1746 alienum
706 1705 827 1746 sensum
847 1689 962 1746 ductas.
999 1691 1091 1766 Quod
1114 1708 1153 1747 11
1173 1693 1279 1748 multis

224 1801 328 1856 egam,
347 1787 437 1842 etiam
455 1801 559 1844 crasso
578 1787 687 1857 cuique
708 1784 839 1840 bubulco
858 1771 1116 1856 clarum'laciam,
1145 1803 1203 1842 uno
1221 1801 1279 1842 ex.

224 1891 271 1936 tra
290 1880 488 1952 propositum,
502 1877 559 1946 (ut
577 1878 710 1945 vocam)
730 1879 871 1951 exemplo
890 1881 1032 1936 adducto.
1051 1887 1055 1896 ‘

290 1973 379 2030 Dicit
398 1973 571 2030 Decretalis
589 1973 739 2045 quaedam,
759 1973 796 2028 de
812 1973 1099 2030 constitutionibus:
1129 1975 1275 2031 translato

221 2064 411 2136 sac'erdotio,
437 2083 563 2123 necesse
582 2076 645 2148 est,
673 2077 706 2121 ut
723 2068 796 2137 legis
815 2067 864 2122 fiat
885 2067 1051 2124 translatio.
1086 2067 1159 2123 llaec
1181 2067 1275 2124 verba

220 2161 363 2232 Apostoli
385 2171 455 2217 sunt
474 2162 551 2232 apud
570 2161 698 2216 Ebranos
713 2179 779 2233 cap.
800 2161 866 2218 v11.
884 2161 1020 2216 docentis
1039 2163 1207 2235 temporale
1226 2153 1276 2219 sass

221 2253 393 2308 cerdotium
418 2264 448 2308 11
475 2254 572 2322 legem
597 2253 740 2323 abrogata
767 2263 799 2309 et
820 2253 917 2322 linita,
950 2255 1136 2316 succedente
1158 2267 1273 2314 mtemo

219 2345 393 2402 sacerdotio
422 2345 545 2404 Christi.
593 2347 663 2402 Haec
688 2357 735 2404 est
760 2347 881 2419 propria
910 2356 941 2428 et
967 2351 1095 2419 genuina
1124 2353 1275 2408 sententia
1364 2345 1365 2350 '

178 2461 182 2470 =
220 2435 390 2494 verborum
407 2439 556 2510 Apostoli.
611 2439 613 2446 ’

287 2533 361 2588 At
353 2539 383 2588 11
408 2532 562 2590 Decretali
590 2541 636 2590 est
661 2535 717 2590 ista
738 2535 904 2593 sententia:
930 2539 1135 2597 sacerdotium
1154 2539 1272 2599 Christi
1364 2553 1365 2556 ’

218 2634 265 2684 111
280 2627 480 2684 translatom'
472 2645 503 2684 11
521 2627 550 2683 S.
567 2627 711 2685 Petrum:
730 2630 775 2685 sic
795 2633 873 2687 enim
886 2633 1004 2704 juristae
1020 2633 1270 2708 interpretantur.

216 2705 295 2792 Quis
314 2739 375 2780 non
393 2721 476 2778 videt
492 2722 617 2778 alienam
633 2737 700 2780 esse
718 2724 797 2779 hanc
815 2713 1061 2799 intelligentiam,
1087 2741 1117 2787 et
1142 2748 1270 2804 prorsus

214 2814 332 2884 telem,
366 2831 432 2888 quae
453 2815 509 2870 nisi
537 2817 633 2872 multo
656 2815 767 2872 sudore
789 2819 987 2890 moderetur,
1022 2823 1061 2878 sit
1089 2823 1268 2898 impiissima

216 2909 360 2965 omniurn.
381 2909 609 2980 ·Irnpiissimnm
629 2911 707 2969 euim
725 2919 771 2967 est
789 2913 907 2983 dicere,
926 2912 1129 2977 sacerdotium
1151 2920 1267 2978 Christi

215 3009 359 3058 aeternnm
382 3013 448 3060 esse
467 3005 665 3074 translatum,
692 3005 720 3060 id
740 3015 800 3070 est,
833 3007 1011 3089 abrogatum
1030 3021 1061 3068 et
1082 3011 1217 3072 linitum:
1237 3025 1268 3072 ct

140 3116 145 3129 ¹
213 3096 311 3166 legem
328 3097 391 3165 ejus
411 3105 551 3153 aeternam
566 3115 633 3156 esse
653 3099 827 3170 abrogatam
847 3111 877 3158 et
894 3099 1137 3175 transieramus
1153 3108 1266 3167 Petrus
1329 3161 1365 3172 ,,

213 3191 253 3247 111
272 3193 416 3248 11111111
431 3202 461 3246 11
479 3193 633 3263 legislator
651 3204 752 3250 amoto
773 3183 927 3251 Christos

277 3285 362 3343 Nolo
385 3285 513 3343 Petrum
536 3302 586 3345 aut
605 3289 732 3348 Paulum
752 3289 866 3346 habere
885 3292 1093 3362 sacerdotem,
1118 3297 1263 3367 quoniam

212 3379 318 3450 etipse
336 3390 481 3450 peccator
496 3393 559 3453 est,
578 3401 638 3440 non
655 3384 788 3452 habens,
807 3385 889 3456 quod
908 3401 1005 3458 neque
1022 3405 1146 3458 prose,
1163 3406 1263 3464 neque
1364 3453 1365 3456 Ἴ

210 3473 291 3540 quod
316 3489 372 3544 pro
395 3489 444 3529 me
474 3475 607 3533 offerat:
638 3490 671 3533 nt
697 3479 817 3532 interim
842 3469 975 3550 taceam,
1000 3483 1082 3555 quod
1106 3483 1137 3540 in
1160 3487 1267 3542 solnm‘
1364 3475 1365 3544 l

208 3559 336 3618 Petrum
360 3583 375 3620 a
399 3569 522 3626 Christo
542 3571 719 3628 translatum
735 3573 863 3628 dicitur:
893 3577 976 3646 quasi
998 3578 1097 3633 caeteri
1118 3581 1261 3652 Apostoli

208 3655 276 3710 laici
288 3659 501 3730 remanserint,
518 3677 568 3720 aut
584 3665 639 3720 aS.
655 3665 750 3721 Petro
767 3667 795 3720 in
808 3667 977 3742 Apospolos
993 3671 1123 3728 ordinati
1137 3673 1260 3733 luerint.

193 3797 194 3800 ,
210 3745 334 3820 Quanto
356 3755 468 3812 rectius
490 3749 563 3827 ergo
581 3775 642 3814 non
659 3759 884 3826 sacerdotium,
904 3765 957 3820 sed
977 3765 1179 3825 ministerium
1196 3780 1260 3826 tan.

207 3851 274 3897 tum
297 3846 492 3904 sacerdotii
484 3865 514 3906 11
544 3847 670 3909 Petrum
696 3854 828 3924 positum
853 3856 1087 3932 intelligeretur,
1122 3871 1175 3920 snt
1199 3864 1258 3921 alio

207 3945 390 4011 quocunque
408 3956 517 4006 sensu,
538 3946 588 4016 qui
607 3943 729 4006 illaesum
745 3951 900 4019 permittat
918 3965 1094 4024 germanum
1112 3958 1257 4034 Apostoli

204 4045 340 4090 sensum

486 4107 517 4148 Q
