2760 4556
709 153 715 189 l

184 231 302 346 'aaa‘
480 356 484 361 ⁸
697 272 789 336 1518.

217 433 343 508 impium
368 438 457 503 atque
477 442 657 502 perversum
676 405 762 498 esee,
790 399 867 502 epurl
887 427 992 486 Deum
1015 439 1047 486 et
1066 429 1194 488 Sanetos
1215 430 1282 488 im.

118 601 120 612 1
217 531 338 606 plorare
357 526 530 583 tantundem
551 541 598 586 ea,
618 539 683 595 quae
701 524 841 596 corporis
863 534 952 592 sunt,
970 525 1045 582 nihil
1065 542 1192 598 prorsus
1221 543 1283 582 eus

218 641 294 692 rare.
312 639 363 693 ea,
388 635 452 692 qua
476 619 579 679 anime
607 627 637 674 et
662 617 781 687 salutis,
812 620 873 674 imo
897 619 1060 676 voluntatis
1085 620 1146 676 Dei
1177 629 1280 710 sunt:

219 719 303 794 quasi
318 715 403 772 obliti
416 720 466 770 tut
484 713 629 770 increduli
647 714 742 770 simas
757 713 841 770 verbi
853 714 940 784 ejus.
961 716 1010 784 qui
1029 715 1118 772 dicit:
1138 716 1282 788 primam

99 847 114 858 .
219 813 495 889 qupritereguum
514 808 589 876 Dei,
616 817 648 864 et
665 809 849 872 haecomnia
870 808 1166 880 adjicientumobis.
1201 810 1281 867 Imo

217 909 330 978 ubique
350 904 490 962 Christus
510 919 666 975 corpora,
683 916 713 959 et
738 918 793 968 ea,
819 917 887 973 quaa
908 903 1047 974 corporis
1069 891 1157 972 sunt,
1173 913 1208 958 ut
1229 904 1285 960 vi.

216 1003 329 1060 lissima
348 1011 544 1059 contemnere
567 1000 667 1054 docet.
712 996 815 1074 Quare
833 995 857 1050 si
880 997 997 1054 licitum
1014 1008 1060 1052 est
1077 997 1126 1052 illa
1143 1008 1280 1070 petere,

216 1099 275 1154 illis
298 1096 508 1152 tantummodo
533 1093 765 1165 permittendum
789 1100 851 1162 est,
877 1091 927 1164 qui
954 1093 1125 1164 imperfecti
1147 1102 1221 1148 suut
1244 1094 1280 1150 in

209 1192 290 1258 ¹title,
321 1192 459 1277 armagis
480 1189 591 1260 degunt
609 1187 666 1243 sub
686 1185 779 1244 Mose
800 1205 889 1260 quam
909 1187 966 1244 sub
985 1187 1118 1242 Christo·
1166 1186 1281 1262 Quare

218 1287 372 1344 toleranda
391 1285 599 1340 tantummodo
620 1299 669 1338 rea
688 1293 735 1338 est
754 1284 819 1338 talis
833 1283 1014 1338 Sanctorum
1028 1282 1126 1336 cultas
1144 1290 1281 1352 propter
1321 1331 1333 1342 ,

119 1409 124 1421 ·
217 1373 368 1448 infirmos,
390 1397 451 1436 non
473 1388 574 1448 autem
595 1378 790 1444 extollenda,
818 1378 901 1432 velut
923 1393 972 1432 res
991 1376 1163 1444 dignissima
1182 1375 1281 1432 Chri.

217 1479 312 1532 stiana
330 1476 400 1532 vita.
437 1475 477 1528 Ar
495 1491 575 1528 nuno
599 1475 682 1541 vide,
706 1474 731 1529 si
752 1473 831 1528 ullus
853 1472 1034 1526 Sanctorum
1049 1471 1079 1526 in
1099 1471 1212 1542 populo
1232 1472 1279 1528 sit

187 1619 194 1632 ,
218 1569 347 1649 celebris
363 1577 489 1640 propter
504 1568 691 1638 castitatem,
711 1580 836 1641 propter
856 1568 1047 1638 patientiam,
1071 1577 1198 1638 propter
1213 1566 1278 1622 lan.

135 1669 137 1674 “
218 1665 392 1732 militatem,
410 1673 535 1734 propter
556 1660 665 1726 fidem,
686 1679 790 1734 spem,
809 1663 987 1720 charitatem
1006 1671 1037 1718 et
1058 1671 1167 1716 cetera
1185 1661 1276 1732 spiri.

217 1759 308 1814 tualia
327 1757 407 1813 bona
430 1757 636 1830 impetranda:
668 1771 728 1812 non
751 1759 808 1814 ieta
831 1767 1025 1828 queruntur,
1049 1773 1105 1810 nee
1123 1754 1278 1811 habemus

218 1855 345 1908 Sanctus
370 1851 468 1920 ullos,
489 1852 524 1906 ad
546 1867 623 1922 qum
644 1851 765 1908 illorum
782 1853 877 1922 gratia
897 1852 969 1918 liant
987 1865 1177 1906 concurreret
1203 1851 1278 1906 edi.

153 2007 161 2020 ,
217 1947 350 2006 ficentur
360 1946 525 2016 Ecclesiae,
544 1932 667 2014 agantur
684 1947 792 2004 divina.
828 1926 942 2000 Verum
962 1955 1085 2017 propter
1101 1945 1201 2014 ignem
1220 1961 1276 2000 eo.

216 2043 290 2100 litur
312 2042 341 2098 S.
364 2039 556 2118 Laurentius,
581 2049 707 2113 propter
728 2051 842 2116 pestem
865 2039 1078 2096 Sebastianus:
1098 2038 1274 2108 Martinus,

218 2144 249 2190 et
267 2118 386 2216 tannem
403 2136 524 2204 ignotus
543 2136 632 2192 etiam
651 2137 681 2192 S.
700 2135 838 2194 Rochius
855 2145 979 2206 propter
1000 2141 1224 2206 paupertatem:
1243 2133 1277 2188 S.

217 2231 305 2284 Anna
324 2245 394 2284 curn
415 2246 524 2297 genere
544 2245 622 2296 suo,
641 2239 673 2286 et
690 2231 776 2288 beata
795 2231 887 2302 Virgo
906 2238 1031 2300 propter
1051 2228 1146 2286 multa
1160 2234 1191 2280 et
1207 2226 1275 2300 plu.
1368 2229 1369 2240 ¹

219 2323 315 2378 rima:
346 2322 376 2376 S.
401 2321 585 2384 Valentinus,
599 2335 725 2394 propter
752 2327 900 2382 caducum
923 2322 1091 2380 morbum:
1123 2319 1187 2378 Job
1215 2338 1273 2392 pro

218 2414 319 2492 scabie
339 2415 474 2472 Gallica:
492 2417 536 2472 sic
553 2417 758 2489 Scholastica,
776 2417 927 2482 Barbara',
949 2417 1129 2486 catharina,
1148 2415 1274 2489 Apollo.

218 2510 280 2576 nia,
292 2509 419 2580 denique
434 2519 586 2582 quotquot
599 2513 775 2586 Sanctarum
787 2526 858 2571 sunt
867 2513 1025 2580 celebres,
1045 2528 1102 2584 pro
1119 2511 1272 2582 corporali

217 2596 428 2660 (tntummodo
450 2605 545 2660 salute
563 2619 636 2661 sunt
662 2585 815 2678 celebres,
842 2619 871 2664 et
893 2611 933 2664 ita
954 2606 1115 2679 celebres,
1140 2617 1170 2661 nt
1188 2606 1274 2676 Apo.

217 2699 305 2755 stolis
325 2699 385 2755 siat
405 2699 517 2770 prelati
536 2701 565 2752 in
582 2701 667 2769 cultu*
680 2711 710 2756 et
726 2703 825 2760 officio
843 2704 962 2772 pietatis
974 2740 990 2769 „
1002 2699 1095 2756 futuri
1115 2697 1272 2768 scilicet³l

218 2794 431 2864 ingratissimi,
454 2794 479 2848 si
498 2795 709 2868 corporalibus
730 2799 829 2854 nullus
853 2808 972 2868 egeret,
1003 2796 1051 2853 vel
1067 2795 1106 2857 ,si
1136 2805 1272 2851 contem.

219 2897 325 2944 nerent
346 2888 526 2958 corporalia.
570 2887 632 2944 Cur
654 2891 732 2946 eninr
754 2893 782 2972 S
804 2892 933 2949 Paulum
957 2909 1019 2948 non
1040 2891 1131 2946 etiarn
1151 2891 1272 2946 invoca.

219 2997 309 3039 mus.
329 2983 528 3037 nemoriatur
545 2976 641 3048 anin'ta
657 2985 687 3040 in
704 2986 817 3044 Christi
832 2978 1119 3057 ignorantialSicut
1134 2963 1272 3040 Sberi.

219 3075 386 3148 stophorus
407 3091 463 3146 pro
481 3075 544 3131 risu
563 3077 667 3134 nescio
691 3091 926 3151 quonoeturno
948 3082 1118 3158 invocatur,
1161 3077 1270 3147 Tales,

218 3170 352 3242 inquam,
370 3170 393 3226 si
411 3176 481 3225 sunt
495 3169 620 3241 infirmi,
639 3185 709 3230 sunt
726 3175 892 3234 tolerandi:
911 3184 941 3230 et
962 3174 1102 3242 tandem,
1120 3173 1272 3228 utmelius

217 3264 356 3336 sapiant,
384 3274 415 3318 et
433 3263 595 3334 spiritualia
613 3279 717 3338 petant
735 3270 945 3344 corporalibus
969 3267 1152 3336 contemtis,
1189 3267 1272 3324 insti.

220 3359 336 3426 tuendi,
351 3373 389 3413 ne
407 3373 526 3430 semper
542 3361 625 3429 pueri
642 3363 736 3426 simus
753 3365 925 3434 subMose‚
943 3365 996 3420 sed
1009 3361 1169 3434 aliqnando
1185 3359 1272 3418 Chri.

130 3447 137 3473 '
219 3463 301 3508 stum
324 3449 413 3510 etiarn
440 3452 711 3526 apprehendamus.
751 3452 780 3514 Si
807 3465 907 3514 autern
927 3467 997 3514 eunt
1021 3456 1158 3512 melioris
1183 3456 1271 3526 fidei,
1347 3443 1364 3486 Ψ

220 3547 361 3614 arguendi
387 3555 473 3616 sunt,
499 3550 581 3618 quod
599 3567 661 3606 non
680 3552 814 3620 digniora
835 3552 1030 3624 querantb).
1066 3551 1163 3622 igitar
1185 3565 1272 3606 error
1326 3559 1330 3566 ·

220 3647 278 3705 est,
297 3641 378 3709 quod
397 3641 576 3698 Sanctorum
596 3643 744 3700 culturam
761 3662 976 3717 promovemus
992 3662 1046 3720 per
1062 3647 1190 3704 timores
1209 3663 1273 3702 mo.

219 3731 320 3789 lorirm
352 3741 383 3790 et
418 3734 595 3806 cupiditates
629 3737 781 3795 bonorum
818 3743 1037 3818 temporalium.
1083 3741 1158 3800 Non
1193 3743 1271 3798 enim

223 3877 747 3902 -u—-w———u—

273 3954 301 3998 α)
330 3949 564 4001 ceallemsunt.
656 3969 661 3978 ·

276 4031 308 4084 b)
334 4029 404 4076 Cod.
424 4029 440 4081 J
448 4041 490 4076 en.
506 4041 626 4087 querunt.
