2760 4556
1181 149 1191 176 ¹
1225 175 1228 184 ,

176 351 181 364 ,
222 282 281 348 150
311 331 317 344 .
429 257 432 263 ’
701 273 789 340 151⁸.

220 434 529 502 incunctanter,
558 440 594 488 ut
615 431 839 504 objectionibus
860 429 1059 501 satisfaciam,
1090 445 1165 504 qaas
1196 433 1271 492 bari

141 535 144 544 ’
213 505 253 590 ἐι
282 535 389 588 nudius
419 529 493 584 milti
527 524 661 598 objectas
686 527 829 598 memini,
855 527 917 584 bac
946 527 1026 584 volui
1057 527 1184 608 epistola
1210 527 1274 586 bn.

220 630 332 684 militer
359 625 526 696 protestari.
563 623 643 679 Nam
670 625 730 680 duo
758 637 843 691 sunt,
877 639 941 694 quas
963 623 1033 678 mihi
1058 635 1167 679 sttnttt
1193 624 1267 682 Pat.

221 731 272 779 tua
292 723 330 778 tt.
350 719 478 788 objecta.
514 717 650 774 Primum
673 717 878 786 Extravagans
899 715 947 772 illa
971 717 1180 776 clemerinvl.
1199 738 1271 794 quas

222 819 348 890 incipit:
376 814 544 883 unigenitus
567 829 628 870 etc.
645 814 675 872 itt
696 830 752 888 qua
774 813 932 873 thesaurus
950 810 1202 882 indulgentiarum,
1222 831 1276 870 es.

144 926 148 932 ·
222 912 281 968 seri
303 911 425 972 videtur¹
447 909 639 965 asseruerim
661 909 824 968 Christiet
841 915 1033 976 sanctorum,
1059 911 1143 980 qaod
1162 925 1221 980 ego
1240 911 1275 967 iu

149 1043 152 1062 .
222 1005 424 1076 positionibus
444 1007 515 1060 ineis
537 1007 643 1062 videor
658 1021 777 1074 negare.
844 1025 848 1032 ·

292 1099 475 1169 &spondeo
495 1101 610 1169 itaque:
638 1117 697 1154 non
718 1100 774 1154 fuit
793 1097 866 1154 mihi
893 1095 1042 1166 incognita
1060 1095 1274 1168 Extrsvagans

221 1193 290 1260 illa,
317 1210 386 1248 cum
402 1195 479 1250 istas
501 1195 710 1249 meditationes
731 1207 812 1249 meas
832 1191 1011 1248 meditabar:
1037 1194 1089 1248 sed
1110 1209 1183 1248 cum
1203 1209 1276 1250 cer.

221 1287 355 1344 tissimus
380 1303 499 1354 essem,
536 1303 685 1358 unamque
714 1288 808 1343 totius
834 1286 978 1345 Ecclesiae
1000 1277 1275 1344 sententiam-esse
1359 1337 1360 1348 ,

123 1366 127 1377 ’
222 1379 332 1435 seirent
343 1419 352 1448 ‚
371 1383 475 1436 merita
496 1380 609 1437 Christi
627 1382 657 1436 in
676 1383 853 1452 spiritunon
872 1397 960 1453 posse
977 1383 1124 1438 committi
1140 1383 1277 1438 homini.

224 1472 301 1534 bus.
321 1491 377 1528 nec
394 1476 469 1530 tradi
493 1493 546 1545 per
568 1476 723 1544 homines,
743 1489 791 1530 aut
807 1476 843 1528 ab
863 1475 1053 1542 homiuibus,
1071 1477 1275 1532 sicut‘tamen

222 1565 428 1637 Extravapans
443 1570 499 1624 ista
517 1584 624 1626 souare
640 1569 813 1626 videbatur:
833 1571 916 1624 volui
932 1571 1071 1625 intactam
1091 1570 1278 1642 relinquere,

224 1661 347 1730 allisque
361 1663 485 1730 ingeniis
500 1664 675 1728 melioribus
690 1665 881 1719 committere
900 1680 1018 1732 maguae
1039 1665 1103 1718 illas
1118 1663 1277 1722 molestius
1301 1665 1310 1698 ⁸
1359 1723 1360 1734 ¹

161 1755 165 1760 ’
226 1763 258 1811 ct
277 1757 440 1824 augustias,
460 1773 532 1828 quas
551 1776 606 1830 pro
627 1745 739 1820 tuenda
755 1753 841 1829 Papas
857 1749 1196 1830 'reverentia'patiebcn

294 1849 486 1906 Occurrebat
506 1859 583 1906 enim
606 1863 635 1907 et
650 1852 813 1920 movebat,
839 1852 955 1926 primo,
975 1853 1056 1922 quod
1074 1853 1155 1906 nudet
1175 1863 1279 1909 essent

129 1961 140 1972 ·
225 1942 317 2000 tlerba
339 1943 517 2014 Pontilicis,
546 1959 575 2002 et
606 1923 749 2002 sdversue·
775 1946 996 2026 contentiosum
1023 1946 1071 1999 vel
1097 1945 1279 2018 haereticum

124 2079 142 2116 'l
226 2036 387 2092 invalidum
409 2040 601 2110 praesidium:
632 2019 758 2104 deinde,
778 2041 803 2094 si
829 2039 895 2112 quis
921 2040 1053 2094 diceret:
1084 2049 1172 2110 turpe
1194 2056 1279 2108 esse,

199 2132 391 2202 ‘principem
415 2134 498 2204 loqui
526 2118 589 2188 sine
622 2134 701 2202 lege,
732 2145 761 2188 et
775 2134 863 2204 juxta
881 2133 1163 2200 Zachariam‚non
1185 2133 1280 2189 verbs
1307 2199 1312 2208 ³

197 2275 203 2280 .
226 2223 380 2290 hominis,
399 2228 466 2290 ¹setl
496 2225 591 2293 legem
619 2227 677 2282 Dei
706 2208 915 2299 requirendam
941 2243 980 2282 ex
1010 2244 1063 2282 ore
1091 2207 1279 2288 sacerdotist

226 2318 317 2378 item.
345 2320 426 2387 quod
447 2321 540 2376 rerba
562 2321 722 2392 Scripturas
740 2333 880 2391 torquet,
908 2329 938 2376 et
959 2321 1135 2376 in'alienum
1154 2339 1281 2380 sensum
1360 2353 1361 2356 =

226 2410 270 2467 eis
290 2411 430 2466 abutitur.
475 2411 555 2468 Nam
576 2429 641 2484 quaa
662 2415 699 2474 de
720 2413 1008 2485 gratiajustilicantc
1027 2415 1215 2482 dictasunt,
1243 2418 1281 2472 atl

226 2503 423 2572 indulgentias
447 2507 557 2576 trabit,
587 2525 649 2580 quo
671 2508 829 2565 videbatur
849 2511 941 2580 magis
960 2505 1105 2582 riarrare,
1131 2525 1162 2568 et
1184 2513 1281 2582 magis

226 2599 368 2666 opinione·
387 2603 513 2669 quadam
536 2603 585 2674 pia
602 2603 778 2673 exhortari,
797 2619 886 2676 quarn
908 2605 1003 2661 solida
1022 2605 1281 2662 demonstratione

228 2691 338 2766 aliquid
359 2693 500 2765 probare.
539 2677 541 2684 ’

298 2785 434 2845 vexabat
458 2794 547 2847 etiarn
569 2811 712 2851 erroneus
738 2811 822 2864 esse,
849 2792 929 2868 cuod
949 2795 1012 2852 lieri
1032 2811 1121 2870 posse
1144 2803 1283 2864 constat,

230 2881 396 2938 decretales
421 2887 578 2956 aliquando
600 2905 742 2945 erroneas
763 2887 849 2960 esse',
878 2901 908 2946 et
928 2903 1035 2948 contra
1054 2903 1154 2946 sacras
1178 2889 1283 2944 literas

220 2983 262 3028 'et
284 2976 460 3034 charitatem
486 2981 623 3037 militare.
668 2983 748 3040 Nam
765 2987 835 3040 lieet
859 2985 1024 3040 decretales
1046 2983 1104 3038 Ro·
1123 2965 1283 3040 Pontificit

230 3077 372 3140 tanquam
395 3089 502 3128 vocem
526 3075 610 3132 Petri
630 3089 753 3149 oportet
773 3081 893 3147 audire,
921 3089 954 3134 ut
973 3077 1083 3134 dicitur
1101 3075 1170 3155 dist.
1190 3091 1284 3144 xlx..

19 3221 20 3226 ,
225 3173 331 3243 'tamen
352 3167 415 3224 ltoc
437 3169 538 3244 ipsum
555 3172 728 3240 intelligitur
748 3173 785 3227 de
813 3175 860 3228 his
881 3173 979 3228 solum
1011 3172 1067 3242 (ut
1089 3171 1200 3230 dicitur
1215 3169 1286 3244 ibi.

19 3231 20 3274 ¹
231 3257 345 3331 dem),
371 3269 444 3334 qnae'
463 3281 604 3322 consone
630 3277 700 3323 suut
724 3281 815 3323 sacrae
828 3267 1017 3336 scripturae,
1044 3275 1074 3319 et
1095 3263 1283 3336 aptioribus

19 3281 22 3462 i
232 3350 357 3422 i'strnm
380 3358 511 3414 decretis
527 3377 585 3416 non
606 3361 804 3417 dissentiunt.v

211 3453 215 3463 ’
302 3451 440 3508 Accessit
465 3442 601 3522 ad'hbc,
619 3457 700 3530 quod
723 3456 759 3511 de
778 3452 859 3510 lacto
880 3453 990 3510 Petrus
1005 3468 1066 3508 uon
1088 3452 1232 3511 incedens
1248 3455 1284 3509 atl

235 3542 394 3597 ueritatem
408 3545 560 3616 Evangelii
578 3551 780 3620 reprehensus
801 3557 880 3605 esta
901 3545 1013 3612 Paulo,
1032 3545 1132 3604 Galat.
1151 3547 1191 3602 11.
1211 3547 1285 3604 Ideo

234 3649 295 3700 pon
324 3639 433 3692 mirum
463 3643 579 3710 rideri,
606 3645 629 3699 si
654 3657 816 3700 successor
842 3642 906 3713 ejus
934 3641 965 3701 in
990 3641 1089 3713 aliquo
1117 3642 1284 3712 deiecerit,

131 3769 135 3784 .
234 3729 478 3810 quandoquidem
491 3745 519 3790 et
534 3739 641 3794 Actor.
657 3737 713 3794 XV
727 3739 863 3794 ‹loetrina
882 3736 966 3796 Petri
984 3753 1044 3814 non
1064 3737 1120 3793 luit
1136 3746 1287 3810 suscepta.

235 3821 333 3890 dorico
355 3829 512 3884 accederet
533 3843 561 3885 et
584 3835 761 3906 approbatio
780 3833 892 3890 cacabi
915 3832 1039 3890 minoris
1061 3831 1194 3904 episcopi
1214 3832 1284 3888 Hie.

235 3920 467 4004 l9i0¹7fflil⁸l¹is
495 3933 527 3990 et
553 3928 648 3996 totius
670 3927 815 3996 Ecclesiae
839 3943 1026 3993 consensus:
1057 3927 1136 3990 unde
1164 3926 1285 3983 fluxium
