2714 4556
450 303 455 326 ‘
562 323 651 400 1⁵1⁸·
818 280 891 387 τ’
1027 320 1134 414 ,ιιι

84 479 275 548 violentum)
294 489 328 537 ιιι
341 471 466 545 mediata
481 480 762 538 transmutationem
778 479 888 536 mentis
906 485 937 534 et
955 479 1081 536 affectus
1100 481 1140 536 ei.

86 573 223 644 gnificet,
246 575 328 648 qnod
341 591 403 630 non
419 577 512 630 modo
528 575 654 630 affectus
668 577 883 642 mutationem,
902 575 954 630 sed
971 575 1141 632 atmodum

84 670 240 739 mutendi,
257 670 287 724 id
312 679 376 735 est,
394 669 519 738 gratiam
541 667 600 722 Dei
622 667 780 726 videbatur
796 668 924 738 spirare.
960 665 1039 722 Nam
1059 677 1140 724 trau.

84 765 160 819 situs
177 763 228 820 iile
247 765 377 830 mentis,
399 763 428 818 iti
446 773 492 820 est
502 803 513 832 ,
531 763 686 820 verissima
704 761 876 835 poenitentia
886 801 897 830 ,
924 761 1140 819 celeberrimus

84 866 132 914 est
158 858 314 916 iusseris
340 857 457 926 literis,
481 866 516 914 nt
548 873 639 930 quem
661 857 753 929 phase
784 857 857 913 iliud
884 865 1040 916 vetustum
1068 859 1140 916 olim

84 951 286 1022 significauit,
305 951 445 1008 Christus
467 951 625 1021 exhibuit,
644 965 675 1008 et
693 951 782 1020 longe
804 960 871 1006 aste
890 951 1046 1008 Abraham
1064 969 1139 1025 quo.

86 1063 146 1118 que
171 1047 332 1117 figuravit,
358 1049 478 1120 qnando
509 1048 674 1115 transitor,
715 1046 745 1101 id
771 1055 817 1104 est
832 1084 843 1114 ,
857 1065 862 1080 ¹
877 1043 1003 1103 Ebraaus
1036 1047 1140 1104 vocari

86 1143 198 1214 erepit,
226 1143 372 1214 trajectus
403 1142 520 1200 scilicet
553 1143 583 1196 iit
616 1138 891 1214 Mesopotamiam,
920 1152 951 1204 ιιι
979 1141 1141 1223 Burgensis

85 1237 177 1293 docte
193 1237 303 1296 donet:
322 1235 395 1292 huic
412 1245 444 1294 et
456 1236 562 1294 titulus
577 1235 627 1290 iile
644 1233 756 1290 Psalmi
773 1235 917 1305 concinit,
936 1236 988 1292 ubi
1004 1235 1140 1306 idithun,

85 1332 117 1388 id
135 1339 199 1401 est,
217 1332 390 1390 transiliens
405 1339 542 1386 cantator
558 1329 718 1386 inducitur.

152 1427 208 1482 His
233 1425 384 1482 inherens
413 1441 501 1482 ansus
525 1439 595 1480 sum
619 1433 749 1494 putare,
779 1441 833 1482 eos
858 1425 949 1482 falsos
974 1441 1059 1494 esse,
1091 1425 1142 1497 qui

86 1521 232 1592 operibns
252 1520 433 1590 paenitentias
455 1527 570 1576 tantum
603 1517 790 1581 tribuerunt,
818 1527 853 1576 ut
883 1519 1063 1592 peonitentiae
1089 1519 1143 1576 vix

85 1613 238 1686 reliquum
250 1613 341 1670 nobis
360 1614 488 1670 fecerint
496 1651 508 1683 ,
537 1621 646 1685 preater
664 1613 786 1682 frigidas
799 1615 941 1684 quaedam
962 1615 1145 1671 satisfactio.

85 1724 140 1764 nes
159 1717 190 1762 et
206 1706 476 1766 laboriosissimam
495 1708 743 1775 confessionem,
773 1706 881 1764 Latino
906 1710 1024 1785 scilicet
1052 1701 1145 1764 voca.

86 1801 160 1858 bulo
176 1801 315 1858 abducti:
335 1782 418 1874 quod
432 1801 636 1874 poenitentiam
648 1819 749 1872 agere,
766 1803 918 1858 actionem
936 1803 1028 1870 magis
1043 1811 1144 1870 eonet',

88 1912 179 1968 qnam
213 1898 415 1953 mutationem
440 1897 590 1968 effectus,
624 1907 654 1952 et
686 1897 797 1956 Graeco
829 1898 872 1956 ilii
907 1891 1033 1962 utrensi»
1061 1897 1143 1952 nullo
1219 1881 1222 1888 ¹

87 1991 181 2047 modo
198 1991 355 2048 satisfacit.

155 2085 227 2140 Haec
241 2101 309 2138 mee
326 2101 397 2142 cum
412 2087 457 2142 sic
475 2087 609 2144 ferveret
624 2086 802 2154 meditatio,
830 2102 903 2141 ecce
918 2085 1021 2142 subito
1044 2099 1144 2154 coepe.

90 2188 160 2234 runt
178 2178 294 2234 circum
313 2189 541 2252 constrepere,
560 2181 622 2236 imo
637 2179 775 2249 clangere
800 2197 878 2236 nove
895 2179 1145 2250 induigentiarum

92 2273 220 2328 classica
247 2281 277 2356 et
304 2274 514 2332 remissionum
545 2273 702 2343 buccinm,
745 2275 853 2346 quibus
880 2287 980 2332 tamen
1014 2291 1075 2330 non
1108 2271 1145 2326 sd
1217 2251 1235 2360 μ’

93 2375 252 2422 strenuum
264 2366 331 2422 beili
347 2369 480 2424 studium
502 2369 720 2426 animaremur:
739 2369 894 2438 breviter,
913 2370 1049 2440 neglecte
1066 2383 1146 2422 veras

92 2461 273 2530 paenitentiae
296 2461 433 2518 doctrina
442 2501 452 2532 ,
482 2464 557 2518 adeo
587 2464 777 2534 magnificare
801 2477 1055 2538 praesumserunt,
1085 2481 1146 2519 non

88 2556 314 2628 poenitentiam,
332 2575 395 2614 non
417 2559 524 2614 saitem
541 2558 715 2614 vilissimam
733 2561 798 2631 ejus
815 2569 951 2631 partem,
975 2577 1039 2626 quas
1059 2559 1148 2614 satis.

86 2651 180 2706 factio
201 2651 331 2720 dicitur,
360 2651 413 2708 sed
429 2652 564 2722 ejusdem
583 2653 731 2710 vilissimae
750 2654 843 2725 partis
864 2654 1092 2717 remissionem,
1113 2659 1147 2708 ut

87 2760 239 2817 nunquam
258 2745 298 2800 sit
316 2745 358 2802 ita
376 2746 559 2816 magnificari
578 2748 689 2804 audita:
710 2749 838 2820 denique
855 2749 943 2820 impia
964 2745 1043 2819 et⁸)
1075 2745 1147 2798 faiss

89 2849 119 2894 et
150 2838 292 2896 heretice
324 2839 487 2911 docebant,
525 2851 607 2898 tants
639 2844 800 2898 autoritate
837 2841 1033 2908 (temeritate
1065 2837 1147 2894 votui

87 2931 233 3004 dicere),
252 2941 287 2990 ιιι
311 2931 371 3006 qui‘
387 2935 435 2990 vel
463 2945 570 2992 contra
592 2938 733 3004 mutiret,
763 2936 865 2992 statim
891 2934 1070 2999 hereticus,
1088 2930 1147 3000 igni

87 3027 220 3084 devotus
243 3037 339 3090 esset,
360 3037 390 3084 et
409 3037 525 3086 aterna
543 3029 764 3087 maledictionis
782 3045 864 3086 reus.

154 3121 225 3192 Ego
254 3121 367 3178 horum
394 3123 491 3180 furori
520 3139 686 3181 occurrere
718 3139 779 3180 non
810 3105 940 3195 petens,
961 3121 1058 3176 ‘statui
1085 3133 1150 3172 mo.

88 3218 171 3272 deste
189 3215 230 3284 b)
258 3217 302 3272 eis
320 3217 497 3284 dissentire,
526 3227 557 3273 et
575 3219 747 3276 indubium
764 3235 877 3274 vocare
898 3231 1005 3272 eornm
1027 3217 1150 3281 dogma.

86 3320 130 3373 ta,
158 3311 259 3366 fretus
290 3312 428 3366 omnium·
448 3311 611 3368 doctorum
637 3311 792 3384 totiusque
818 3311 963 3366 Ecclesiae
986 3306 1150 3372 sententia,

87 3405 170 3476 quod
197 3405 290 3460 etiam
310 3405 485 3464 satisfacere
508 3407 616 3462 meiius
642 3407 703 3475 sit,
733 3421 822 3479 quam
844 3404 1081 3462 satisfactionem
1103 3415 1172 3468 re„

85 3497 186 3567 mitti,
207 3499 237 3554 id
255 3507 320 3570 est,
337 3500 535 3570 indulgentias
550 3501 718 3556 redimere:
741 3516 799 3554 nec
816 3507 862 3554 est
879 3498 975 3564 uitus,
994 3495 1044 3566 qui
1064 3493 1151 3550 aliter

86 3607 225 3666 unquam
247 3594 364 3650 docuit.
405 3597 511 3667 itaque
536 3595 703 3666 disputavi,
728 3593 758 3652 id
784 3602 848 3659 est,
875 3605 1006 3656 summa,
1035 3589 1150 3654 media,

82 3673 190 3744 infima
216 3687 316 3744 omnia
343 3691 373 3744 in
397 3689 509 3758 malum
532 3689 638 3761 capitis
665 3689 724 3743 mei
752 3687 888 3756 irritavi,
919 3693 1065 3756 quantum
1097 3698 1151 3753 per

85 3779 147 3840 iios
174 3783 374 3855 pecuniarum
405 3783 503 3851 (heus
529 3771 696 3840 animarum
716 3770 877 3840 dicendum
898 3776 977 3852 fuit)
1003 3779 1150 3837 zelatores

138 4011 177 4060 ι)
206 4007 429 4065 notun-ef.

141 4085 177 4137 ιι)
206 4087 435 4146 Aetnen-isi·
