2686 4560
506 377 510 392 ,
543 320 633 384 tato.
670 297 672 306 ’
725 275 730 283 ’
1047 317 1104 382 521
1208 327 1212 342 ·

505 433 657 531 denua.
715 561 718 569 Ι

55 601 219 698 Salutem.
252 621 294 696 Et
315 649 371 709 ego
393 639 505 710 miror,
533 638 604 712 qnid
624 635 814 706 intercedat,
843 643 877 694 ut
902 638 1003 698 literae
1024 613 1108 698 meaa
1197 695 1202 702 .

56 750 127 790 non
145 734 295 804 accipias,
313 734 355 790 mi
369 732 526 804 spalatine.
562 729 614 788 Bia
630 731 712 787 enim
729 731 853 803 eeripai,
879 743 909 789 et
926 732 999 792 nihil
1021 735 1056 790 ad
1077 745 1108 792 te

56 829 239 900 pervenisse
265 828 372 884 sentio.
390 825 536 896 xGaudeo
562 833 592 882 te
622 825 779 897 aliqnando
803 825 906 882 videre
930 843 1020 884 vanae
1040 843 1109 902 epea
1188 879 1190 884 .

58 915 313 992 Germanorum,
331 929 365 977 ut
384 920 481 978 diseat
498 937 561 976 non
578 917 730 976 eoniidere
742 919 772 975 in
784 917 988 991 Principibus,
1007 933 1037 980 et
1058 925 1111 980 de.
1196 985 1199 992 ,

59 1019 147 1076 sinae
162 1018 293 1091 pendere
311 1017 340 1072 in
352 1016 468 1086 jndicio
483 1015 642 1072 hominum
651 1051 662 1081 ‚
680 1012 730 1084 qui
747 1029 813 1068 mea
830 1015 893 1070 eive
911 1014 1029 1072 laudant
1045 1019 1110 1076 eive

60 1093 217 1184 damnant.
265 1109 460 1180 Evangelium
483 1109 509 1168 ai
536 1117 617 1166 eeeet
642 1105 722 1176 tale,
754 1107 835 1179 quod
858 1099 1060 1180 potentatibus
1075 1109 1110 1182 ²)
1190 1129 1193 1142 ’

59 1205 170 1261 mundi
192 1213 242 1264 aut
265 1213 482 1278 propagaretur
500 1209 551 1260 aut
568 1209 757 1268 terreretur,
783 1216 845 1260 nou
862 1201 934 1260 iilud
952 1204 1112 1278 piaeatnri.

59 1297 125 1356 bue
139 1297 226 1356 Deua
243 1298 461 1356 demandasset.

137 1391 211 1448 Nun
227 1401 288 1462 est,
307 1393 347 1450 mi
366 1392 530 1466 spalatina,
546 1389 722 1464 Principum
741 1397 772 1448 et
791 1391 877 1450 irtiua
894 1393 992 1450 secuit
1008 1395 1113 1454 Ponti.
1166 1428 1171 1444 =

62 1487 161 1564 neum
183 1488 262 1544 tueri
284 1485 412 1544 verbum
429 1484 511 1556 Dei,
535 1501 643 1542 necea
662 1485 756 1556 gratia
771 1486 903 1544 ullorum
922 1497 993 1562 peto
1012 1492 1112 1562 praeci.

61 1581 151 1638 dium
160 1621 171 1650 ,
188 1597 259 1636 oum
274 1582 375 1653 potine
392 1588 531 1654 oporteat
546 1597 599 1638 eoe
615 1582 755 1638 aeniatere
770 1580 826 1638 eibi
842 1583 986 1658 advertor
1004 1583 1113 1642 Domi.
1164 1597 1165 1611 ¹

62 1691 141 1732 num
167 1683 198 1730 et
224 1675 367 1732 adversus
395 1657 549 1732 Chriatat'm
572 1674 648 1746 ejua.
689 1674 783 1749 Quod
808 1692 883 1746 azo,
916 1677 986 1734 iden
1012 1681 1113 1751 potitae

64 1785 145 1838 ego,
170 1775 204 1824 ut
222 1769 277 1840 ipai
296 1783 352 1823 auo
370 1767 400 1822 in
416 1784 466 1824 ane
486 1768 733 1826 officio-verbum
749 1768 810 1826 Dei
828 1771 1057 1842 demereantur,
1083 1783 1114 1832 et

65 1863 144 1920 eaivi
168 1861 238 1918 fiant
257 1878 312 1932 per
329 1861 411 1918 ittod.
446 1861 563 1918 Horum
583 1871 684 1917 autern
701 1877 751 1916 me
769 1861 916 1929 niteret,
945 1864 995 1935 qui
1014 1855 1115 1924 audie.

64 1967 142 2015 runt
166 1963 197 2014 et
223 1963 442 2026 cognorerunt.
485 1919 566 2012 Nin
598 1955 618 2012 ii
647 1971 709 2010 non
734 1963 862 2024 poaaunt
889 1955 953 2014 aine
980 1960 1114 2028 pertrioie

67 2060 180 2108 aeterna
200 2050 298 2124 ipsum
324 2065 451 2120 negare,
477 2048 616 2105 deterere
643 2057 675 2104 et
698 2045 903 2122 dissimulare,
932 2049 1011 2106 inter
1036 2069 1115 2124 quoa

66 2159 109 2200 ne
132 2145 218 2200 multi
242 2144 409 2201 amicorum
428 2142 588 2222 rubianum
607 2141 794 2199 invenientur
811 2142 978 2201 timendum
995 2157 1059 2218 eat,
1083 2159 1115 2208 et

67 2237 253 2312 prolepiritu
271 2237 455 2298 fortitudinia
474 2237 634 2294 orandum.
869 2313 874 2322 ῃ
980 2247 987 2256 ·

139 2333 276 2388 Arduum
294 2340 340 2390 eet
359 2330 498 2388 omnibus
515 2327 713 2389 Pontificibus
736 2337 767 2388 et
786 2329 978 2405 Prineipibne
1000 2333 1117 2396 dianen-

69 2427 151 2496 tire,
173 2427 226 2484 aed
245 2425 300 2482 alia
318 2425 461 2482 evadendi
479 2424 587 2482 interni
604 2435 636 2482 et
655 2427 706 2483 irae
724 2427 830 2484 divinar
850 2444 912 2485 non
934 2437 980 2488 eat
1000 2431 1123 2504 relique
1184 2495 1191 2502 ,

72 2521 133 2578 ria.
165 2519 299 2578 Proinde
315 2519 400 2589 vide,
418 2535 473 2590 ne,
491 2519 541 2591 qui
558 2519 588 2575 iu
605 2535 671 2576 mea
685 2521 923 2590 offendantnrb)
942 2525 1115 2589 acerbitate.
1193 2589 1196 2596 ,

70 2616 148 2672 taiee
169 2615 229 2672 eint
240 2655 250 2684 ,
275 2615 325 2688 qui
345 2613 430 2670 verbi
450 2629 570 2670 eanaana
587 2615 677 2670 rilem
697 2601 846 2684 habeant,
871 2625 903 2670 et
919 2620 1023 2674 neseio
1045 2621 1117 2690 qtaid
1190 2599 1198 2612 *

69 2709 194 2768 humani
207 2710 349 2782 rogitent.
386 2709 447 2787 Qui
466 2711 544 2767 euitat
562 2725 618 2782 pro
636 2710 780 2778 dignitate
797 2725 863 2764 retu
881 2711 1025 2782 attinnt,
1033 2713 1118 2782 nihil

71 2804 197 2874 mirum,
212 2806 236 2862 ei
254 2805 437 2862 exclamaret
455 2816 486 2862 et
503 2811 705 2876 rumperetur.
739 2800 806 2871 Ego
816 2839 827 2870 ‚
845 2799 902 2859 niei
916 2809 951 2858 tu
967 2805 1013 2860 aie
1030 2822 1120 2877 urge.

73 2913 145 2967 ree,
163 2911 229 2956 retu
251 2907 348 2956 totam
376 2899 448 2958 Deo
474 2891 716 2963 committerent,
740 2911 780 2951 ne
800 2893 910 2983 pinta,
926 2913 1016 2970 quam
1041 2901 1118 2973 feei,

76 2991 226 3063 facerem,
249 3010 319 3050 oum
342 2994 435 3050 aoiatn
463 2993 556 3050 aoiiue
579 2989 643 3061 ejus
667 2989 794 3048 coneilio
818 2998 850 3046 et
873 3008 966 3065 opere
986 3009 1052 3050 rem
1072 2998 1118 3068 agi
1202 3035 1213 3050 ,
1329 3051 1330 3060 ,

78 3094 231 3158 oportere.

132 3167 231 3240 'Edtdt
252 3179 389 3246 Latinam
411 3177 653 3250 Antinoum),
682 3193 773 3252 ‘1¹²⁸m
798 3181 912 3239 mimi
944 3183 1063 3240 “udiim'
1090 3191 1123 3241 ‘i

77 3277 182 3334 eadent
204 3275 364 3334 vernaduia
378 3273 429 3342 ¹⁶⁴)
453 3276 483 3332 in
507 3274 633 3348 quibua,
662 3291 737 3344 oro,
762 3292 800 3331 ue
825 3271 1045 3348 temeretur,
1070 3279 1122 3350 qui

78 3372 196 3441 indigne
217 3359 333 3441 ierunt,
360 3373 390 3428 iu
413 3371 536 3444 imperia
555 3371 709 3426 moderata
732 3368 925 3427 debaechari.
958 3369 1123 3428 Moderata
1191 3349 1197 3363 ¹

78 3466 201 3538 imperia
215 3483 276 3523 non
290 3476 362 3526 eunt
375 3466 504 3524 Romani
518 3463 676 3522 Pontidoie
696 3465 837 3545 imperia,
854 3464 964 3538 quibua
982 3465 1123 3526 Christua

53 3625 56 3632 p
82 3561 282 3632 extinguitur,
309 3571 341 3620 et
366 3562 522 3634 abnegatio
550 3560 618 3617 fidei
646 3554 813 3619 mandatur.
856 3557 923 3632 Ego
955 3545 1123 3636 pree'mer‘a
1195 3639 1200 3650 Ι

134 3783 163 3832 ai
189 3782 260 3829 (iod.
278 3781 346 3835 Jen.
363 3782 510 3839 perentitur.
545 3785 548 3793 ’

71 3876 75 3888 ·
135 3861 167 3911 b)
195 3861 269 3908 eod.
288 3860 303 3913 J
311 3871 356 3906 en·
375 3859 538 3909 offenduntur.

133 3989 161 4040 *i
189 3987 237 4038 nte
251 3987 360 4042 &dritta
377 3989 491 4037 adversat
505 3989 664 4039 execrabilem
680 3987 823 4060 dndthritti
839 3989 941 4040 nuliam.

134 4070 176 4120 ”a
203 4067 286 4118 uniter
303 4070 338 4124 tte
356 4067 426 4118 nitito
444 4068 482 4117 tet
500 4067 639 4124 nntntttt.
