2714 4556
476 362 481 371 .
585 307 678 372 tsta.
754 317 806 372 κ
1033 283 1210 376 χιιι.

2 425 3 450 l

2 455 3 458 Ἴ
102 471 185 534 inter
200 469 362 544 Principes
381 473 482 524 tantos
503 465 638 524 simultas
656 473 850 533 nasceretur,
874 465 899 520 si
921 463 1001 520 forte
1023 474 1053 524 et
1071 465 1159 524 Prin.

101 583 177 640 ceps
188 563 489 633 Braudenlrurgeneie
502 561 596 618 simile
617 561 726 633 aliquid
747 559 810 616 lieri
833 560 1022 632 permitteret
1039 563 1069 618 in
1093 566 1159 622 vin.

101 663 234 730 dictem,
256 661 343 734 quale
369 660 428 716 fuit
453 655 547 731 nuper
577 657 711 713 auditum
735 655 772 710 de
795 654 864 726 illo,
890 656 939 727 qui
964 665 1092 714 vocatur
1113 660 1160 722 hee

101 755 224 826 &duent
315 783 320 790 ·
746 735 751 756 '
932 757 949 820 ’,
1146 753 1153 764 “

183 851 336 906 Ceterum
365 849 498 922 queris,
526 855 673 920 quatenns
694 845 797 902 utilem
825 843 1002 902 dialecticen
1028 845 1160 904 arbitrer

99 945 271 1014 theologo:
301 961 359 1012 ego
389 959 461 1000 sane
492 959 553 999 non
581 941 694 1005 video,
726 942 882 1013 quomodo
908 957 969 998 uon
993 943 1035 1000 sit
1067 944 1161 1000 noxie

98 1042 204 1113 potius
227 1039 384 1098 dialectice
402 1055 477 1094 vero
506 1036 666 1108 theologo.
699 1035 796 1105 Esto,
816 1037 897 1108 quod
917 1035 956 1092 sit
978 1037 1058 1092 forte
1079 1038 1161 1110 utilis
1240 1025 1244 1034 ’

97 1135 277 1204 iuvenilium
302 1134 493 1204 ingeniorum
521 1131 604 1188 lusus
625 1131 674 1188 vet
695 1131 893 1186 exercitatio:
923 1132 975 1186 sed
1003 1127 1045 1194 in*
1064 1133 1160 1188 sacris
1264 1126 1266 1134 ¹

98 1229 213 1296 literis,
249 1229 299 1284 ubi
330 1245 414 1284 mem
443 1227 516 1284 tides
544 1235 574 1284 et
604 1241 733 1298 superna
767 1233 947 1296 expectetur
977 1223 1156 1293 illustratio,

98 1323 413 1394 ioris'relinquendue
438 1323 595 1380 universus
622 1320 832 1391 syllogismus,
856 1337 918 1376 non
937 1319 1039 1392 aliter,
1069 1336 1169 1392 quam·

97 1415 256 1471 Abraham
268 1417 493 1474 sacrificaturus
518 1417 639 1488 reliquit
657 1431 857 1490 pectuscum
878 1415 977 1474 asinis.
1020 1415 1113 1491 Quod
1129 1425 1161 1472 et

96 1510 258 1567 dohennee
276 1511 428 1569 Reuchlio
447 1513 477 1569 in
499 1513 634 1568 secundo
656 1510 736 1566 libro
753 1509 890 1566 Cebbalae
909 1527 968 1567 euae
987 1513 1059 1566 setis
1084 1511 1160 1568 effir.

97 1616 174 1662 runt:
196 1608 278 1679 quod
302 1610 326 1663 si
349 1608 407 1663 ulla
429 1607 598 1664 necessaria
612 1593 840 1673 es't‘diatectica,
858 1605 1001 1660 naturalis
1016 1605 1065 1660 ille
1078 1607 1161 1674 inge.

97 1702 160 1756 uita
187 1701 317 1771 sufficit,
349 1719 407 1774 qun
427 1703 524 1758 homo
549 1711 687 1774 promtus
709 1709 756 1756 eet
779 1699 921 1756 conferre
948 1700 1063 1756 credita
1090 1715 1160 1754 cum
1189 1733 1193 1742 =

98 1796 246 1864 creditis,
273 1807 305 1851 et
330 1797 374 1852 sic
394 1798 575 1854 concludere
602 1811 685 1851 vere.
727 1793 794 1865 Ego
819 1795 927 1868 saepius
957 1811 1027 1850 cnm
1054 1793 1158 1848 amicis

99 1890 274 1961 disquisivi,
301 1893 444 1961 quidnam
468 1893 621 1964 videretur
644 1889 733 1946 nobis
761 1889 897 1948 utilitatis
926 1887 1090 1945 accessisse
1116 1901 1159 1946 ex
1238 1965 1240 1970 Α

97 1995 159 2037 tam
182 1985 278 2040 anxiis
302 1985 410 2042 studiis
437 1985 636 2058 philosophie
661 1995 692 2040 et
716 1984 897 2049 dialectice,
924 1991 954 2039 et
981 1991 1065 2038 certe
1095 1997 1157 2036 nno

104 2087 252 2143 censensu
270 2079 419 2148 admirati,
439 2076 501 2134 imo
515 2081 666 2134 lamentati
688 2079 784 2134 nostri
806 2077 916 2146 ingenii
930 2087 1066 2144 sortem,
1086 2075 1159 2132 nihil
1193 2067 1197 2079 ’

99 2165 256 2234 militetis,
273 2181 376 2230 toturn
400 2183 502 2228 autem
523 2173 671 2228 nocentis]
689 2173 811 2244 pelagus
831 2170 1011 2228 invenimus.

168 2260 283 2332 Scripsi
306 2263 431 2335 denique
461 2269 497 2323 ad
525 2267 568 2323 D.
598 2267 828 2334 Iseuncensem,
863 2275 966 2321 nostra
989 2271 1075 2318 aetate
1100 2260 1160 2328 (ut

96 2355 237 2424 videtur)
256 2357 421 2431 principem
436 2357 675 2429 dialecticorum,
692 2363 722 2415 iu
743 2361 867 2416 eundem
883 2373 947 2414 rem
967 2358 1158 2432 potissimum

97 2449 232 2522 allegans
258 2451 314 2520 id,
354 2453 437 2524 quod
467 2453 567 2522 negari
595 2469 655 2508 uon
684 2463 806 2526 potest,
835 2455 977 2510 videlicet
1004 2452 1071 2508 ideo
1097 2468 1158 2511 uon

97 2561 188 2616 posse
220 2545 395 2602 dialecticen
428 2547 574 2619 prodesse
608 2547 787 2619 theologice,
818 2549 870 2604 sed
905 2547 1000 2618 magis
1027 2547 1161 2614 obesse,

69 2645 72 2655 '
99 2643 180 2710 quod
203 2639 318 2694 eisdem
336 2639 492 2696 vocabulis
508 2643 711 2710 grammaticis
729 2643 818 2712 longe
841 2642 927 2697 aliter
951 2651 1052 2698 utatur
1069 2640 1160 2696 theo.
1190 2707 1196 2727 Ι
1293 2703 1297 2712 1

100 2731 178 2815 logia
206 2749 296 2804 quem
319 2734 490 2793 dialectica.
540 2733 706 2808 Quomodo
734 2753 824 2807 ergo,
860 2737 1002 2807 iuquam,
1033 2737 1160 2806 prodest

96 2827 270 2895 dialectica,
289 2845 361 2909 cum
377 2839 537 2902 postquam
557 2847 719 2886 accessero
741 2833 775 2886 ad
797 2829 1000 2898 theologiam,
1019 2829 1049 2884 id
1068 2845 1159 2884 voco.

96 2921 176 2992 buli,
208 2924 290 2994 quod
314 2922 343 2976 iu
369 2923 524 2980 dialectica
549 2925 593 2982 sic
616 2924 823 2994 significabat,
849 2939 942 2992 cogar
962 2923 1107 2994 rejicere,
1128 2931 1160 2978 et

96 3018 182 3072 aliem
211 3017 276 3088 eJue
304 3017 551 3086 significationem
579 3021 738 3092 accipere?
769 3019 870 3088 Atque
899 3025 1017 3072 utnon
1038 3031 1158 3088 agerem

95 3113 218 3180 verbis,
252 3111 388 3185 exemplu
413 3113 550 3184 subjeci,
575 3115 731 3170 videlicet:
759 3127 872 3182 corpus
894 3111 924 3168 in
946 3110 1056 3166 arbore
1081 3109 1159 3166 Por.
1255 3171 1257 3176 ¹

94 3205 241 3274 phyriena
270 3206 416 3276 significat
443 3223 508 3261 rem
535 3217 726 3264 constantem
754 3207 878 3262 materia
912 3215 943 3262 et
972 3205 1090 3261 formu:
1128 3211 1159 3260 nt

93 3298 151 3352 tete
172 3306 287 3370 corpus
308 3305 487 3378 nonpotest
508 3301 625 3358 homini
648 3302 842 3369 contingere,
862 3301 981 3355 cumin
1002 3296 1158 3379 Scriptura

95 3407 207 3464 corpus
236 3403 377 3448 nostrum
400 3394 496 3448 solam
518 3395 674 3449 materiem
696 3393 862 3463 significet,
888 3409 951 3448 non
975 3393 1067 3446 etiam
1094 3391 1159 3446 sor.
1256 3435 1260 3450 .

95 3502 199 3554 mam,
232 3499 266 3542 ut
299 3487 367 3544 ibi:
402 3487 494 3544 nolite
523 3489 630 3543 timere
657 3506 729 3559 eos,
764 3489 817 3563 qui
850 3485 988 3543 occurram
1021 3501 1157 3576 corpus,

94 3583 234 3638 anonam
257 3591 357 3637 nutem
376 3584 509 3639 occidere
527 3600 587 3639 nou
602 3591 741 3656 possm.
766 3585 886 3639 Deinde
905 3582 1008 3647 intuli,
1029 3581 1158 3637 abstrrde
1181 3575 1186 3583 ’

93 3677 169 3734 dici:
200 3681 338 3748 angelum
367 3696 425 3738 uec
451 3679 627 3736 rationalem
653 3699 710 3736 nec
731 3679 953 3742 irrationalem:
979 3653 1053 3734 itcln
1078 3675 1158 3748 quod

94 3773 191 3828 nullus
208 3789 281 3829 usus
299 3775 338 3829 sit
356 3773 533 3844 Scripturas,
552 3774 708 3832 homiuem
728 3775 832 3832 vocari
853 3773 1044 3841 sensitivum,
1060 3773 1156 3828 ratio.

95 3864 207 3930 nalem,
244 3883 450 3939 corporeum,
482 3869 663 3927 animatum:
704 3880 734 3926 et
762 3869 916 3934 breviter,
949 3877 1051 3922 totum
1082 3864 1155 3920 illud
1261 3938 1264 3946 V

96 3955 306 4040 commentum·
321 3963 439 4015 arboria
462 3963 677 4034 Porphyrinnae
698 3965 759 4017 dixi
782 3971 812 4016 et
838 3961 936 4016 adhuc
963 3961 1032 4016 dico
1055 3959 1153 4013 miuus
1218 3999 1221 4004 .

96 4065 182 4118 quam
204 4051 283 4108 attile
307 4052 500 4126 figmentum,
529 4067 580 4115 aut
598 4059 749 4118 sonnium
765 4056 988 4147 aegrotantium:
1017 4060 1051 4110 a'c
1065 4054 1150 4126 juste
