2716 4556
484 279 491 287 '
568 297 656 368 1519.
1021 333 1025 342 -
1079 305 1139 368 sss

968 384 985 414 Q

87 460 286 521 consuevisse
312 466 342 515 et
365 443 531 528 tradidisse¹
546 443 709 524 insenum,
746 453 811 512 banc
831 457 893 526 ipsa
919 457 990 513 satis
1011 456 1138 516 lldtliter

86 557 272 612 membranas
281 552 392 609 illevit.
415 552 565 608 ‘Vendunt
583 567 614 608 so
630 551 741 622 ubique
749 567 818 696 learo
834 549 971 607 Ecclesia
987 552 1136 624 Romana,
1231 559 1240 572 ”

772 644 893 713 ulones,
924 645 1048 724 plumbo
1070 658 1136 706 ten.
1218 669 1221 674 ·

85 659 181 721 prout
195 649 304 720 cuique
323 647 439 702 libitum
458 655 523 708 est,
550 641 633 718 impii
652 645 692 700 illl
711 659 747 698 ne

85 755 154 798 turn
177 755 207 800 et
222 741 303 798 'caera
323 742 466 798 Romanae
484 741 574 797 curiae
590 750 687 799 totam
709 733 901 796 Germaniam
927 740 1084 800 illudentes
1106 753 1137 800 ct

85 839 317 901 exhaurientes.
646 851 648 858 ’

156 932 241 1003 Quid
267 933 331 988 istis
346 930 601 988 ludificationibus
618 931 774 988 nominum
797 941 972 986 sanctorum
993 929 1082 1003 Papae
1100 941 1137 998 ,et

84 1027 231 1082 Romanae
247 1025 391 1082 Ecclesiae
407 1026 535 1094 faciunt,
553 1026 627 1094 uisi,
646 1027 725 1097 quod
744 1041 801 1080 nos
825 1023 1011 1092 GermanoS,
1029 1035 1134 1083 meros

83 1120 272 1187 blonno'nes,
302 1120 431 1186 bardos,
456 1119 628 1191 baccones,
659 1129 689 1176 et
716 1128 750 1174 ut
780 1119 902 1185 dicunt,
929 1117 1075 1198 barbaros
1106 1126 1137 1174 et

83 1213 200 1268 bestias
220 1214 423 1280 arbitrantur,
439 1215 528 1270 etiem
548 1215 706 1270 irridentes
727 1219 838 1267 nostre
863 1211 1007 1268 illusionis
1027 1221 1058 1266 et
1082 1227 1136 1266 ex.

24 1363 30 1372 ,
83 1309 451 1380 pilationisincredibilem
466 1309 656 1381 parientiam?
674 1305 808 1364 Proinde
824 1322 880 1374 ego
895 1306 924 1360 in
938 1302 1021 1362 tan'to
1031 1321 1136 1362 rerum

84 1412 116 1456 et
140 1401 305 1459 verborum
327 1403 424 1472 chao,
443 1419 459 1460 s
479 1397 558 1458 tentd
580 1401 794 1458 Silvestrorum
809 1400 904 1469 silan,
925 1401 959 1455 ad
981 1401 1135 1456 civitatem

84 1498 254 1566 Augustam
273 1507 428 1552 revertor:
447 1505 475 1550 et
485 1495 631 1566 judicium
644 1495 767 1552 interim
783 1511 891 1568 sequar
901 1489 914 1563 ,'
936 1512 997 1565 quo
1018 1486 1137 1552 Princi-

82 1607 138 1662 pes
158 1580 328 1646 Germaniae
348 1591 377 1644 in
400 1591 569 1672 novissimis
590 1589 721 1648 comitiis
741 1597 843 1658 recte,
862 1600 966 1646 sancte
990 1601 1020 1643 et
1045 1577 1142 1657 nugu-x
1226 1588 1230 1599 ¹

83 1695 131 1739 ste
161 1685 372 1739 discreverunt
401 1684 480 1740 iuter
507 1684 673 1740 Romanam
701 1681 871 1740 Ecclesiam
904 1692 934 1738 et
966 1683 1134 1738 Romanam
1158 1687 1186 1740 '.

84 1774 264 1854 Curiam*).
299 1777 459 1850 Namsquo
479 1779 571 1834 modo
589 1778 724 1834 licuisset
742 1780 786 1834 eis
802 1765 945 1833 recusare
962 1777 1091 1832 decimas
1105 1787 1136 1832 ot
1217 1799 1224 1812 ·

82 1871 245 1940 vigesimae
271 1881 301 1926 et
331 1873 589 1955 quinquagesimas
623 1874 691 1939 (id,
706 1882 768 1939 est,
794 1872 955 1938 medullaS,
981 1872 1136 1942 totiusque

83 1964 259 2021 Germaniae
284 1967 378 2020 semel
408 1965 594 2020 subitaneam
620 1965 813 2031 vastitatem)
848 1981 920 2035 quas
945 1965 975 2018 in
1004 1963 1133 2018 concilio

82 2059 135 2113 illo
157 2059 363 2114 sacratissimo
384 2039 443 2128 (uf
459 2061 504 2114 sic
527 2059 680 2126 dixerim)
703 2059 843 2114 Romano
868 2067 1015 2112 noverant
1039 2057 1146 2112 sanci.-

82 2159 155 2220 tea,
186 2161 218 2206 et
236 2153 324 2207 tantis
347 2152 467 2222 Legatis
489 2155 672 2225 Apostolicae
698 2153 782 2236 Sedis
803 2153 979 2224 expetitess
994 2151 1049 2242 ru‘si
1071 2161 1136 2206 tsn.
1163 2161 1166 2168 ·

84 2245 173 2314 dem,
199 2246 269 2300 licet
292 2262 364 2320 sero
383 2245 550 2316 sapientes,
575 2247 814 2316 intellexissent,
844 2262 905 2316 non
922 2246 1050 2301 Roman.
1075 2243 1135 2300 Ec.
1202 2263 1208 2273 ·

85 2339 187 2396 clesiae
204 2341 375 2412 decretum,
403 2341 454 2396 sed
474 2341 603 2396 Romen.
628 2339 725 2408 Curiae
741 2341 813 2396 illud
828 2357 895 2396 esse
909 2341 1136 2398 commentum?
1193 2389 1203 2410 J

83 2431 235 2488 Viderunt
253 2435 396 2489 nimirum
414 2434 551 2499 (dictum
565 2435 674 2490 mirum
689 2445 718 2490 et
737 2437 846 2504 nullis,
866 2451 964 2506 neque
984 2433 1137 2490 silvestris

83 2519 188 2598 neqoe
218 2525 507 2596 anetaniscreditu
530 2529 694 2598 possibile)
725 2530 888 2584 concilium
908 2541 937 2582 et
958 2527 1070 2598 ,Papam
1088 2543 1136 2580 er.

81 2637 186 2688 rasse,
212 2633 242 2675 et
266 2637 357 2692 posse
380 2639 500 2692 errare,
523 2623 662 2696 aliudque
680 2637 748 2680 esse,
769 2641 881 2679 nomen
904 2623 1049 2678 Ecclesiae
1071 2621 1136 2676 Ro.

79 2731 196 2783 manae,
222 2723 253 2769 et
279 2715 376 2782 aliud,
407 2719 488 2788 quod
515 2719 636 2773 nomine
663 2717 806 2774 Romauae
833 2715 977 2772 Ecclesiae
1004 2714 1135 2782 geritur,

76 2809 237 2888 aliumque
255 2801 482 2866 esse'Romanae
506 2811 634 2882 Curiae,
647 2811 737 2866 alium
756 2811 898 2866 Romanae
917 2807 1063 2862 Ecclesiae
1078 2807 1149 2880 Le.¹

81 2917 199 2974 gotum.
238 2905 325 2960 Hunc
343 2903 539 2976 Evangelium
565 2909 690 2974 afferre,
716 2905 799 2959 illino
821 2903 962 2975 pecunius
989 2917 1136 2971 quaerere.

80 2999 171 3054 Unde
193 2999 330 3056 barbaris
350 2999 408 3056 illis
429 3012 459 3055 et
478 3001 584 3056 bestiis
603 3011 718 3055 tantum
731 2998 856 3067 judicii?
876 2997 930 3052 nisi
950 2996 1031 3064 quod
1050 2993 1139 3048 Deus
1198 3073 1202 3080 ν

82 3093 208 3148 tandem
225 3092 322 3149 lessus
339 3092 532 3164 blasphemiis
552 3095 599 3148 sui
617 3101 647 3147 et
670 3090 860 3149 irrisionibus
882 3088 1136 3160 abusionibusque

81 3186 129 3243 sui
142 3165 179 3240 'et
199 3195 310 3266 sanctas
328 3185 458 3268 Romen.
475 3185 621 3242 Ecclesiae
638 3185 789 3251 nominis,
812 3199 938 3238 mouere
957 3182 1053 3236 voluit
1075 3180 1138 3236 Ro.

80 3286 191 3334 manos
214 3295 375 3348 proceres,
400 3291 434 3334 ut
452 3297 502 3336 res
521 3279 683 3348 Ecclesiae,
709 3279 809 3350 posito
826 3278 902 3346 jooo
921 3286 951 3329 et
967 3275 1059 3336 ludo,
1087 3275 1138 3330 ali.

81 3373 205 3442 quando
228 3373 309 3428 serio
331 3383 493 3453 curarent,
522 3362 681 3445 antequem
702 3373 821 3428 elicient
842 3369 1034 3439 sanguinem,
1048 3367 1138 3428 ,dum

80 3465 212 3520 nimium
230 3475 376 3534 mongunt
395 3466 600 3526 Germaniam.
1116 3535 1119 3544 ‚

154 3557 304 3632 Querens
319 3558 375 3628 ego
393 3561 505 3616 horum
521 3561 735 3632 theologorum
752 3561 899 3615 laicorum
917 3557 1057 3628 exemplo
1074 3555 1139 3627 pul.

82 3652 260 3720 cherrimo,
278 3653 468 3722 longissime,
488 3655 649 3723 latissime,
674 3653 909 3728 profundissime
927 3651 1076 3718 distinguo
1093 3652 1139 3706 in.

76 3744 133 3801 'ter
162 3745 331 3800 Romanam
358 3745 528 3806 Ecclesiam
558 3761 588 3806 et
622 3750 753 3805 Roman.
782 3747 913 3802 Curiam.
965 3744 1049 3800 Illam
1072 3745 1162 3822 scio·

80 3867 616 3908 ....-........-.>-..-¹
646 3911 650 3934 Ι
890 3921 892 3925 ,
1075 3893 1077 3898 .

136 3963 165 4012 ¹)
194 3961 227 4011 6·
249 3961 284 4008 ste
299 3961 464 4040 evidenter
482 3965 697 4019 trutinantem
711 3968 755 4022 tur·
767 3967 816 4017 tun
830 3962 955 4018 nttnttts
970 3969 995 4015 tu
1010 3957 1140 4018 satum

78 4041 558 4098 tos.1atssruasc1nxv.⁵⁵t.
612 4045 615 4050 “
784 4050 788 4060 ’

1173 3472 1186 3508 k

1242 3749 1245 3765 ⁸
1351 3757 1352 3830 l

1350 3837 1352 3858 l

1351 3887 1352 3902 l
