<?xml version="1.0" encoding="UTF-8"?>
<!DOCTYPE html PUBLIC "-//W3C//DTD XHTML 1.0 Transitional//EN"
    "http://www.w3.org/TR/xhtml1/DTD/xhtml1-transitional.dtd">
<html xmlns="http://www.w3.org/1999/xhtml" xml:lang="en" lang="en">
 <head>
  <title>
</title>
<meta http-equiv="Content-Type" content="text/html;charset=utf-8" />
  <meta name='ocr-system' content='tesseract 3.04.00' />
  <meta name='ocr-capabilities' content='ocr_page ocr_carea ocr_par ocr_line ocrx_word'/>
</head>
<body>
  <div class='ocr_page' id='page_1' title='image "./briefesendschre07luthgoog/briefesendschre07luthgoog_0307.png"; bbox 0 0 2756 4558; ppageno 0'>
   <div class='ocr_carea' id='block_1_1' title="bbox 130 256 873 389">
    <p class='ocr_par' dir='ltr' id='par_1_1' title="bbox 130 256 873 389">
     <span class='ocr_line' id='line_1_1' title="bbox 130 256 873 389; baseline -0.007 0"><span class='ocrx_word' id='word_1_1' title='bbox 130 380 133 389; x_wconf 83' lang='lat'><em>.</em></span> <span class='ocrx_word' id='word_1_2' title='bbox 223 311 285 388; x_wconf 75' lang='lat' dir='ltr'><strong>ers</strong></span> <span class='ocrx_word' id='word_1_3' title='bbox 679 256 873 385; x_wconf 45' lang='lat' dir='ltr'><strong>&#39;1an</strong></span> 
     </span>
    </p>
   </div>
   <div class='ocr_carea' id='block_1_2' title="bbox 133 459 1264 926">
    <p class='ocr_par' dir='ltr' id='par_1_2' title="bbox 219 459 1264 646">
     <span class='ocr_line' id='line_1_2' title="bbox 221 459 1264 545; baseline -0.005 -11"><span class='ocrx_word' id='word_1_4' title='bbox 221 477 396 545; x_wconf 71' lang='lat' dir='ltr'><strong>interregno</strong></span> <span class='ocrx_word' id='word_1_5' title='bbox 415 478 458 528; x_wconf 76' lang='lat' dir='ltr'><strong>ns</strong></span> <span class='ocrx_word' id='word_1_6' title='bbox 473 466 571 544; x_wconf 80' lang='lat' dir='ltr'><strong>possit</strong></span> <span class='ocrx_word' id='word_1_7' title='bbox 592 469 712 543; x_wconf 79' lang='lat' dir='ltr'><strong>quidem</strong></span> <span class='ocrx_word' id='word_1_8' title='bbox 733 471 785 528; x_wconf 87' lang='lat' dir='ltr'><strong>ulii</strong></span> <span class='ocrx_word' id='word_1_9' title='bbox 804 470 903 528; x_wconf 78' lang='lat' dir='ltr'><strong>salvus</strong></span> <span class='ocrx_word' id='word_1_10' title='bbox 924 459 1093 527; x_wconf 78' lang='lat' dir='ltr'><strong>conductus</strong></span> <span class='ocrx_word' id='word_1_11' title='bbox 1114 473 1264 541; x_wconf 80' lang='lat' dir='ltr'><strong>praestari,</strong></span> 
     </span>
     <span class='ocr_line' id='line_1_3' title="bbox 219 561 848 646; baseline -0.006 -20"><span class='ocrx_word' id='word_1_12' title='bbox 219 569 386 646; x_wconf 78' lang='lat' dir='ltr'><strong>praesertim</strong></span> <span class='ocrx_word' id='word_1_13' title='bbox 404 567 477 622; x_wconf 92' lang='lat' dir='ltr'><strong>mihi</strong></span> <span class='ocrx_word' id='word_1_14' title='bbox 495 575 543 622; x_wconf 89' lang='lat' dir='ltr'><strong>tot</strong></span> <span class='ocrx_word' id='word_1_15' title='bbox 560 561 688 622; x_wconf 86' lang='lat' dir='ltr'><strong>inimicis</strong></span> <span class='ocrx_word' id='word_1_16' title='bbox 706 567 848 638; x_wconf 79' lang='lat' dir='ltr'><strong>appetito.</strong></span> 
     </span>
    </p>

    <p class='ocr_par' dir='ltr' id='par_1_3' title="bbox 133 655 1264 926">
     <span class='ocr_line' id='line_1_4' title="bbox 247 655 1262 734; baseline 0 -15"><span class='ocrx_word' id='word_1_17' title='bbox 247 659 252 664; x_wconf 78' lang='grc'><em>“</em></span> <span class='ocrx_word' id='word_1_18' title='bbox 288 661 417 719; x_wconf 78' lang='lat' dir='ltr'>Accedit</span> <span class='ocrx_word' id='word_1_19' title='bbox 446 661 481 716; x_wconf 85' lang='lat' dir='ltr'><strong>nd</strong></span> <span class='ocrx_word' id='word_1_20' title='bbox 507 659 696 733; x_wconf 83' lang='lat' dir='ltr'><strong>hoc,.qnod</strong></span> <span class='ocrx_word' id='word_1_21' title='bbox 715 660 777 734; x_wconf 76' lang='lat' dir='ltr'><strong>jam</strong></span> <span class='ocrx_word' id='word_1_22' title='bbox 801 659 933 716; x_wconf 86' lang='lat' dir='ltr'><strong>solennis</strong></span> <span class='ocrx_word' id='word_1_23' title='bbox 961 659 1146 732; x_wconf 84' lang='lat' dir='ltr'><strong>disputatio,</strong></span> <span class='ocrx_word' id='word_1_24' title='bbox 1177 655 1262 734; x_wconf 75' lang='lat' dir='ltr'><strong>quarn</strong></span> 
     </span>
     <span class='ocr_line' id='line_1_5' title="bbox 219 753 1261 825; baseline -0.008 -7"><span class='ocrx_word' id='word_1_25' title='bbox 219 759 293 818; x_wconf 84' lang='lat' dir='ltr'><strong>mihi</strong></span> <span class='ocrx_word' id='word_1_26' title='bbox 308 753 576 812; x_wconf 71' lang='lat' dir='ltr'><strong>reuerendissimus</strong></span> <span class='ocrx_word' id='word_1_27' title='bbox 593 754 745 812; x_wconf 82' lang='lat' dir='ltr'><strong>Dominus</strong></span> <span class='ocrx_word' id='word_1_28' title='bbox 760 753 928 812; x_wconf 69' lang='lat' dir='ltr'><strong>‘Cardinalis</strong></span> <span class='ocrx_word' id='word_1_29' title='bbox 943 756 1083 824; x_wconf 80' lang='lat' dir='ltr'><strong>Augustae</strong></span> <span class='ocrx_word' id='word_1_30' title='bbox 1098 755 1261 825; x_wconf 71' lang='lat' dir='ltr'>denegavit,</span> 
     </span>
     <span class='ocr_line' id='line_1_6' title="bbox 133 833 1264 926; baseline -0.006 -15"><span class='ocrx_word' id='word_1_31' title='bbox 133 878 134 882; x_wconf 42' lang='lat'>¹</span> <span class='ocrx_word' id='word_1_32' title='bbox 215 833 326 926; x_wconf 57' lang='lat' dir='ltr'><strong>&#39;L&#39;ipsiae&#39;</strong></span> <span class='ocrx_word' id='word_1_33' title='bbox 346 851 452 913; x_wconf 87' lang='lat' dir='ltr'><strong>instat,</strong></span> <span class='ocrx_word' id='word_1_34' title='bbox 473 847 572 904; x_wconf 88' lang='lat' dir='ltr'><strong>oblata</strong></span> <span class='ocrx_word' id='word_1_35' title='bbox 597 847 634 902; x_wconf 85' lang='lat' dir='ltr'><strong>ab</strong></span> <span class='ocrx_word' id='word_1_36' title='bbox 657 847 798 906; x_wconf 59' lang='lat' dir='ltr'><strong>«Iohanne</strong></span> <span class='ocrx_word' id='word_1_37' title='bbox 819 846 931 916; x_wconf 82' lang='lat' dir='ltr'><strong>Ennio,</strong></span> <span class='ocrx_word' id='word_1_38' title='bbox 958 863 973 902; x_wconf 88' lang='lat' dir='ltr'><strong>a</strong></span> <span class='ocrx_word' id='word_1_39' title='bbox 999 861 1055 918; x_wconf 83' lang='lat' dir='ltr'><strong>qun</strong></span> <span class='ocrx_word' id='word_1_40' title='bbox 1077 848 1104 904; x_wconf 88' lang='lat' dir='ltr'><strong>si</strong></span> <span class='ocrx_word' id='word_1_41' title='bbox 1124 849 1174 903; x_wconf 87' lang='lat' dir='ltr'><strong>me&#39;</strong></span> <span class='ocrx_word' id='word_1_42' title='bbox 1195 849 1264 924; x_wconf 67' lang='lat' dir='ltr'><strong>sub,</strong></span> 
     </span>
    </p>
   </div>
   <div class='ocr_carea' id='block_1_3' title="bbox 128 941 1262 1014">
    <p class='ocr_par' dir='ltr' id='par_1_4' title="bbox 128 941 1262 1014">
     <span class='ocr_line' id='line_1_7' title="bbox 128 941 1262 1014; baseline -0.005 -9"><span class='ocrx_word' id='word_1_43' title='bbox 128 971 151 983; x_wconf 75' lang='lat'><strong>-·</strong></span> <span class='ocrx_word' id='word_1_44' title='bbox 218 943 388 1005; x_wconf 74' lang='lat' dir='ltr'>traherem,</span> <span class='ocrx_word' id='word_1_45' title='bbox 409 941 590 1014; x_wconf 84' lang='lat' dir='ltr'><strong>quantalibet</strong></span> <span class='ocrx_word' id='word_1_46' title='bbox 596 943 678 1013; x_wconf 83' lang='lat' dir='ltr'><strong>juste</strong></span> <span class='ocrx_word' id='word_1_47' title='bbox 693 959 780 1000; x_wconf 85' lang='lat' dir='ltr'><strong>causa</strong></span> <span class='ocrx_word' id='word_1_48' title='bbox 789 983 799 1012; x_wconf 93' lang='lat'><strong>,</strong></span> <span class='ocrx_word' id='word_1_49' title='bbox 819 959 966 998; x_wconf 88' lang='lat' dir='ltr'><strong>summam</strong></span> <span class='ocrx_word' id='word_1_50' title='bbox 982 942 1176 1012; x_wconf 79' lang='lat' dir='ltr'><strong>ignominiam</strong></span> <span class='ocrx_word' id='word_1_51' title='bbox 1192 943 1262 1000; x_wconf 87' lang='lat' dir='ltr'><strong>mihi</strong></span> 
     </span>
    </p>
   </div>
   <div class='ocr_carea' id='block_1_4' title="bbox 186 1035 1336 1311">
    <p class='ocr_par' dir='ltr' id='par_1_5' title="bbox 186 1035 1336 1311">
     <span class='ocr_line' id='line_1_8' title="bbox 218 1035 1336 1114; baseline -0.006 -16"><span class='ocrx_word' id='word_1_52' title='bbox 218 1039 419 1114; x_wconf 82' lang='lat' dir='ltr'><strong>omnibusque</strong></span> <span class='ocrx_word' id='word_1_53' title='bbox 440 1035 568 1106; x_wconf 69' lang='lat' dir='ltr'><strong>amieis,</strong></span> <span class='ocrx_word' id='word_1_54' title='bbox 601 1038 673 1109; x_wconf 87' lang='lat' dir='ltr'><strong>quin</strong></span> <span class='ocrx_word' id='word_1_55' title='bbox 699 1045 730 1092; x_wconf 86' lang='lat' dir='ltr'><strong>et</strong></span> <span class='ocrx_word' id='word_1_56' title='bbox 756 1037 957 1094; x_wconf 80' lang='lat' dir='ltr'><strong>illustrissimo</strong></span> <span class='ocrx_word' id='word_1_57' title='bbox 984 1035 1117 1109; x_wconf 76' lang='lat' dir='ltr'><strong>Principi</strong></span> <span class='ocrx_word' id='word_1_58' title='bbox 1140 1049 1261 1106; x_wconf 86' lang='lat' dir='ltr'><strong>nostro,</strong></span> <span class='ocrx_word' id='word_1_59' title='bbox 1328 1073 1336 1091; x_wconf 85' lang='grc'><strong><em>,</em></strong></span> 
     </span>
     <span class='ocr_line' id='line_1_9' title="bbox 218 1128 1261 1205; baseline -0.004 -13"><span class='ocrx_word' id='word_1_60' title='bbox 218 1135 335 1205; x_wconf 85' lang='lat' dir='ltr'><strong>totique</strong></span> <span class='ocrx_word' id='word_1_61' title='bbox 358 1130 466 1190; x_wconf 86' lang='lat' dir='ltr'><strong>Ordini</strong></span> <span class='ocrx_word' id='word_1_62' title='bbox 489 1129 565 1187; x_wconf 72' lang='lat' dir='ltr'><strong>me‘o&#39;</strong></span> <span class='ocrx_word' id='word_1_63' title='bbox 587 1139 618 1186; x_wconf 85' lang='lat' dir='ltr'><strong>et</strong></span> <span class='ocrx_word' id='word_1_64' title='bbox 642 1131 836 1202; x_wconf 71' lang='lat' dir='ltr'><strong>Universitati</strong></span> <span class='ocrx_word' id='word_1_65' title='bbox 857 1131 1021 1188; x_wconf 85' lang='lat' dir='ltr'><strong>inurerern.</strong></span> <span class='ocrx_word' id='word_1_66' title='bbox 1052 1128 1209 1203; x_wconf 83' lang='lat' dir='ltr'><strong>Denique</strong></span> <span class='ocrx_word' id='word_1_67' title='bbox 1233 1131 1261 1188; x_wconf 89' lang='lat' dir='ltr'><strong>in</strong></span> 
     </span>
     <span class='ocr_line' id='line_1_10' title="bbox 186 1219 1262 1311; baseline -0.004 -27"><span class='ocrx_word' id='word_1_68' title='bbox 186 1245 191 1250; x_wconf 82' lang='lat'>·</span> <span class='ocrx_word' id='word_1_69' title='bbox 217 1227 277 1284; x_wconf 86' lang='lat' dir='ltr'><strong>hae</strong></span> <span class='ocrx_word' id='word_1_70' title='bbox 296 1233 397 1300; x_wconf 86' lang='lat' dir='ltr'><strong>potest</strong></span> <span class='ocrx_word' id='word_1_71' title='bbox 418 1219 467 1280; x_wconf 85' lang='lat' dir='ltr'><strong>re&#39;s</strong></span> <span class='ocrx_word' id='word_1_72' title='bbox 488 1224 544 1280; x_wconf 82' lang='lat' dir='ltr'><strong>ista</strong></span> <span class='ocrx_word' id='word_1_73' title='bbox 560 1239 666 1311; x_wconf 80' lang='lat' dir='ltr'><strong>eoram</strong></span> <span class='ocrx_word' id='word_1_74' title='bbox 681 1233 729 1280; x_wconf 87' lang='lat' dir='ltr'><strong>tot</strong></span> <span class='ocrx_word' id='word_1_75' title='bbox 746 1225 844 1282; x_wconf 85' lang='lat' dir='ltr'><strong>doctis</strong></span> <span class='ocrx_word' id='word_1_76' title='bbox 863 1225 984 1291; x_wconf 75' lang='lat' dir='ltr'><strong>vitiant</strong></span> <span class='ocrx_word' id='word_1_77' title='bbox 1003 1225 1144 1292; x_wconf 77' lang='lat' dir='ltr'><strong>tam&#39;aori</strong></span> <span class='ocrx_word' id='word_1_78' title='bbox 1165 1225 1262 1298; x_wconf 78' lang='lat' dir='ltr'><strong>dispu-</strong></span> 
     </span>
    </p>
   </div>
   <div class='ocr_carea' id='block_1_5' title="bbox 67 1317 1277 1394">
    <p class='ocr_par' dir='ltr' id='par_1_6' title="bbox 67 1317 1277 1394">
     <span class='ocr_line' id='line_1_11' title="bbox 67 1317 1277 1394; baseline -0.003 -15"><span class='ocrx_word' id='word_1_79' title='bbox 67 1387 69 1394; x_wconf 18' lang='grc' dir='ltr'><strong><em>Α</em></strong></span> <span class='ocrx_word' id='word_1_80' title='bbox 138 1327 144 1364; x_wconf 70' lang='lat'><strong>⁴</strong></span> <span class='ocrx_word' id='word_1_81' title='bbox 218 1323 331 1378; x_wconf 81' lang='lat' dir='ltr'><strong>tatione</strong></span> <span class='ocrx_word' id='word_1_82' title='bbox 360 1319 464 1393; x_wconf 85' lang='lat' dir='ltr'><strong>purius</strong></span> <span class='ocrx_word' id='word_1_83' title='bbox 491 1327 521 1374; x_wconf 86' lang='lat' dir='ltr'><strong>et</strong></span> <span class='ocrx_word' id='word_1_84' title='bbox 550 1317 715 1374; x_wconf 87' lang='lat' dir='ltr'><strong>absolutius</strong></span> <span class='ocrx_word' id='word_1_85' title='bbox 745 1317 933 1387; x_wconf 81' lang='lat' dir='ltr'><strong>exsaninari,</strong></span> <span class='ocrx_word' id='word_1_86' title='bbox 960 1334 1050 1389; x_wconf 87' lang='lat' dir='ltr'><strong>quam</strong></span> <span class='ocrx_word' id='word_1_87' title='bbox 1080 1319 1129 1392; x_wconf 83' lang='lat' dir='ltr'><strong>vel</strong></span> <span class='ocrx_word' id='word_1_88' title='bbox 1160 1335 1277 1385; x_wconf 67' lang='lat' dir='ltr'><strong>eoram,</strong></span> 
     </span>
    </p>
   </div>
   <div class='ocr_carea' id='block_1_6' title="bbox 193 1410 1262 1496">
    <p class='ocr_par' dir='ltr' id='par_1_7' title="bbox 193 1410 1262 1496">
     <span class='ocr_line' id='line_1_12' title="bbox 193 1410 1262 1496; baseline -0.006 -24"><span class='ocrx_word' id='word_1_89' title='bbox 193 1414 457 1488; x_wconf 70' lang='lat' dir='ltr'><strong>‘Arohiepisoopo</strong></span> <span class='ocrx_word' id='word_1_90' title='bbox 472 1412 520 1468; x_wconf 87' lang='lat' dir='ltr'><strong>vel</strong></span> <span class='ocrx_word' id='word_1_91' title='bbox 538 1410 715 1474; x_wconf 50' lang='lat' dir='ltr'><strong>Cardinulet¹</strong></span> <span class='ocrx_word' id='word_1_92' title='bbox 727 1421 760 1467; x_wconf 92' lang='lat' dir='ltr'><strong>ut</strong></span> <span class='ocrx_word' id='word_1_93' title='bbox 779 1417 914 1496; x_wconf 71' lang='lat' dir='ltr'><strong>praestet,</strong></span> <span class='ocrx_word' id='word_1_94' title='bbox 938 1411 1037 1468; x_wconf 87' lang='lat' dir='ltr'><strong>omnia</strong></span> <span class='ocrx_word' id='word_1_95' title='bbox 1058 1410 1150 1482; x_wconf 73' lang='lat' dir='ltr'><strong>hujus</strong></span> <span class='ocrx_word' id='word_1_96' title='bbox 1169 1427 1262 1470; x_wconf 78' lang='lat' dir='ltr'><strong>eausa</strong></span> 
     </span>
    </p>
   </div>
   <div class='ocr_carea' id='block_1_7' title="bbox 129 1505 1164 1580">
    <p class='ocr_par' dir='ltr' id='par_1_8' title="bbox 129 1505 1164 1580">
     <span class='ocr_line' id='line_1_13' title="bbox 129 1505 1164 1580; baseline -0.01 -12"><span class='ocrx_word' id='word_1_97' title='bbox 129 1511 131 1518; x_wconf 88' lang='grc'><strong>’</strong></span> <span class='ocrx_word' id='word_1_98' title='bbox 218 1509 339 1580; x_wconf 74' lang='lat' dir='ltr'><strong>negotia</strong></span> <span class='ocrx_word' id='word_1_99' title='bbox 356 1508 443 1575; x_wconf 82' lang='lat' dir='ltr'><strong>sisti,</strong></span> <span class='ocrx_word' id='word_1_100' title='bbox 472 1521 562 1578; x_wconf 88' lang='lat' dir='ltr'><strong>quam</strong></span> <span class='ocrx_word' id='word_1_101' title='bbox 580 1505 659 1560; x_wconf 83' lang='lat' dir='ltr'><strong>hano</strong></span> <span class='ocrx_word' id='word_1_102' title='bbox 677 1505 909 1578; x_wconf 84' lang='lat' dir='ltr'><strong>disputationem</strong></span> <span class='ocrx_word' id='word_1_103' title='bbox 927 1505 1073 1578; x_wconf 86' lang='lat' dir='ltr'><strong>impediri.</strong></span> <span class='ocrx_word' id='word_1_104' title='bbox 1147 1529 1164 1566; x_wconf 36' lang='lat' dir='ltr'><strong>,v</strong></span> 
     </span>
    </p>
   </div>
   <div class='ocr_carea' id='block_1_8' title="bbox 166 1586 1263 2148">
    <p class='ocr_par' dir='ltr' id='par_1_9' title="bbox 166 1586 1263 2148">
     <span class='ocr_line' id='line_1_14' title="bbox 233 1586 1263 1671; baseline 0 -15"><span class='ocrx_word' id='word_1_105' title='bbox 233 1662 238 1669; x_wconf 58' lang='grc'>,</span> <span class='ocrx_word' id='word_1_106' title='bbox 287 1601 364 1656; x_wconf 88' lang='lat' dir='ltr'><strong>Cum</strong></span> <span class='ocrx_word' id='word_1_107' title='bbox 378 1609 480 1655; x_wconf 81' lang='lat' dir='ltr'><strong>antem</strong></span> <span class='ocrx_word' id='word_1_108' title='bbox 495 1586 796 1670; x_wconf 81' lang='lat' dir='ltr'><strong>et&#39;Archiepisco&#39;pus</strong></span> <span class='ocrx_word' id='word_1_109' title='bbox 809 1599 848 1656; x_wconf 86' lang='lat' dir='ltr'><strong>sit</strong></span> <span class='ocrx_word' id='word_1_110' title='bbox 865 1599 992 1656; x_wconf 83' lang='lat' dir='ltr'><strong>Elector</strong></span> <span class='ocrx_word' id='word_1_111' title='bbox 1005 1599 1146 1671; x_wconf 83' lang='lat' dir='ltr'><strong>Imperii,</strong></span> <span class='ocrx_word' id='word_1_112' title='bbox 1164 1615 1263 1656; x_wconf 87' lang='lat' dir='ltr'><strong>nonna</strong></span> 
     </span>
     <span class='ocr_line' id='line_1_15' title="bbox 220 1683 1262 1778; baseline -0.004 -24"><span class='ocrx_word' id='word_1_113' title='bbox 220 1697 327 1772; x_wconf 69' lang='lat' dir='ltr'><strong>absens</strong></span> <span class='ocrx_word' id='word_1_114' title='bbox 352 1710 418 1750; x_wconf 87' lang='lat' dir='ltr'><strong>esse</strong></span> <span class='ocrx_word' id='word_1_115' title='bbox 432 1703 570 1778; x_wconf 74' lang='lat' dir='ltr'><strong>&#39;&#39;cogetur</strong></span> <span class='ocrx_word' id='word_1_116' title='bbox 591 1693 620 1748; x_wconf 92' lang='lat' dir='ltr'><strong>in</strong></span> <span class='ocrx_word' id='word_1_117' title='bbox 649 1694 679 1750; x_wconf 89' lang='lat' dir='ltr'><strong>id</strong></span> <span class='ocrx_word' id='word_1_118' title='bbox 704 1693 872 1762; x_wconf 81' lang='lat' dir='ltr'><strong>temporis?</strong></span> <span class='ocrx_word' id='word_1_119' title='bbox 898 1683 1033 1748; x_wconf 82' lang='lat' dir='ltr'><strong>Absente</strong></span> <span class='ocrx_word' id='word_1_120' title='bbox 1057 1702 1159 1748; x_wconf 85' lang='lat' dir='ltr'><strong>nutem</strong></span> <span class='ocrx_word' id='word_1_121' title='bbox 1181 1691 1262 1766; x_wconf 87' lang='lat' dir='ltr'><strong>ipso,</strong></span> 
     </span>
     <span class='ocr_line' id='line_1_16' title="bbox 218 1786 999 1867; baseline -0.008 -19"><span class='ocrx_word' id='word_1_122' title='bbox 218 1807 283 1865; x_wconf 81' lang='lat' dir='ltr'><strong>quae</strong></span> <span class='ocrx_word' id='word_1_123' title='bbox 301 1789 415 1846; x_wconf 78' lang='lat' dir='ltr'><strong>tutela?</strong></span> <span class='ocrx_word' id='word_1_124' title='bbox 441 1804 505 1867; x_wconf 84' lang='lat' dir='ltr'><strong>quaa</strong></span> <span class='ocrx_word' id='word_1_125' title='bbox 523 1801 620 1842; x_wconf 80' lang='lat' dir='ltr'><strong>causes</strong></span> <span class='ocrx_word' id='word_1_126' title='bbox 637 1788 777 1843; x_wconf 79' lang='lat' dir='ltr'><strong>tractatio</strong></span> <span class='ocrx_word' id='word_1_127' title='bbox 794 1786 858 1842; x_wconf 86' lang='lat' dir='ltr'><strong>fieri</strong></span> <span class='ocrx_word' id='word_1_128' title='bbox 877 1789 999 1858; x_wconf 84' lang='lat' dir='ltr'><strong>potest?</strong></span> 
     </span>
     <span class='ocr_line' id='line_1_17' title="bbox 284 1879 1262 1958; baseline -0.003 -18"><span class='ocrx_word' id='word_1_129' title='bbox 284 1885 341 1944; x_wconf 87' lang='lat' dir='ltr'><strong>Sed</strong></span> <span class='ocrx_word' id='word_1_130' title='bbox 368 1883 527 1952; x_wconf 81' lang='lat' dir='ltr'><strong>age,.siut</strong></span> <span class='ocrx_word' id='word_1_131' title='bbox 548 1881 598 1936; x_wconf 80' lang='lat' dir='ltr'><strong>illu</strong></span> <span class='ocrx_word' id='word_1_132' title='bbox 614 1879 730 1953; x_wconf 60' lang='lat' dir='ltr'><strong>somnia</strong></span> <span class='ocrx_word' id='word_1_133' title='bbox 753 1882 861 1958; x_wconf 84' lang='lat' dir='ltr'><strong>plana:</strong></span> <span class='ocrx_word' id='word_1_134' title='bbox 895 1890 996 1934; x_wconf 85' lang='lat' dir='ltr'><strong>tamen</strong></span> <span class='ocrx_word' id='word_1_135' title='bbox 1023 1895 1126 1937; x_wconf 84' lang='lat' dir='ltr'><strong>eoram</strong></span> <span class='ocrx_word' id='word_1_136' title='bbox 1152 1881 1191 1936; x_wconf 72' lang='grc' dir='ltr'><strong>Η.</strong></span> <span class='ocrx_word' id='word_1_137' title='bbox 1218 1879 1262 1937; x_wconf 87' lang='lat' dir='ltr'><strong>D.</strong></span> 
     </span>
     <span class='ocr_line' id='line_1_18' title="bbox 217 1970 1263 2046; baseline -0.011 -8"><span class='ocrx_word' id='word_1_138' title='bbox 217 1978 373 2039; x_wconf 77' lang='lat' dir='ltr'><strong>cardinale</strong></span> <span class='ocrx_word' id='word_1_139' title='bbox 396 1977 468 2032; x_wconf 86' lang='lat' dir='ltr'><strong>noio</strong></span> <span class='ocrx_word' id='word_1_140' title='bbox 489 1976 568 2032; x_wconf 83' lang='lat' dir='ltr'><strong>hano</strong></span> <span class='ocrx_word' id='word_1_141' title='bbox 589 1989 711 2031; x_wconf 86' lang='lat' dir='ltr'><strong>oausam</strong></span> <span class='ocrx_word' id='word_1_142' title='bbox 733 1970 794 2044; x_wconf 84' lang='lat' dir='ltr'><strong>agi:</strong></span> <span class='ocrx_word' id='word_1_143' title='bbox 813 1975 886 2030; x_wconf 91' lang='lat' dir='ltr'><strong>nolo</strong></span> <span class='ocrx_word' id='word_1_144' title='bbox 907 1984 976 2029; x_wconf 80' lang='lat' dir='ltr'><strong>eum</strong></span> <span class='ocrx_word' id='word_1_145' title='bbox 998 1985 1195 2046; x_wconf 71' lang='lat' dir='ltr'><strong>presentem,</strong></span> <span class='ocrx_word' id='word_1_146' title='bbox 1210 1991 1263 2028; x_wconf 87' lang='lat' dir='ltr'><strong>ne.</strong></span> 
     </span>
     <span class='ocr_line' id='line_1_19' title="bbox 166 2067 1262 2148; baseline -0.004 -20"><span class='ocrx_word' id='word_1_147' title='bbox 166 2083 169 2088; x_wconf 83' lang='lat'>&#39;</span> <span class='ocrx_word' id='word_1_148' title='bbox 216 2092 274 2146; x_wconf 81' lang='lat' dir='ltr'><strong>que</strong></span> <span class='ocrx_word' id='word_1_149' title='bbox 296 2073 476 2148; x_wconf 66' lang='lat' dir='ltr'><strong>dignoscet,</strong></span> <span class='ocrx_word' id='word_1_150' title='bbox 497 2079 531 2125; x_wconf 89' lang='lat' dir='ltr'><strong>ut</strong></span> <span class='ocrx_word' id='word_1_151' title='bbox 550 2071 599 2140; x_wconf 91' lang='lat' dir='ltr'><strong>qui</strong></span> <span class='ocrx_word' id='word_1_152' title='bbox 618 2084 667 2124; x_wconf 89' lang='lat' dir='ltr'><strong>me</strong></span> <span class='ocrx_word' id='word_1_153' title='bbox 684 2085 700 2123; x_wconf 82' lang='lat' dir='ltr'><strong>e</strong></span> <span class='ocrx_word' id='word_1_154' title='bbox 718 2067 775 2124; x_wconf 87' lang='lat' dir='ltr'><strong>fide</strong></span> <span class='ocrx_word' id='word_1_155' title='bbox 790 2067 962 2138; x_wconf 35' lang='lat' dir='ltr'><strong>christiana,</strong></span> <span class='ocrx_word' id='word_1_156' title='bbox 974 2069 1262 2138; x_wconf 73' lang='lat' dir='ltr'><strong>tentavit‘Auguatae</strong></span> 
     </span>
    </p>
   </div>
   <div class='ocr_carea' id='block_1_9' title="bbox 115 2161 1262 2245">
    <p class='ocr_par' dir='ltr' id='par_1_10' title="bbox 115 2161 1262 2245">
     <span class='ocr_line' id='line_1_20' title="bbox 115 2161 1262 2245; baseline -0.003 -22"><span class='ocrx_word' id='word_1_157' title='bbox 115 2234 121 2245; x_wconf 62' lang='lat'><em>„</em></span> <span class='ocrx_word' id='word_1_158' title='bbox 214 2166 397 2223; x_wconf 87' lang='lat' dir='ltr'><strong>deturbare:</strong></span> <span class='ocrx_word' id='word_1_159' title='bbox 428 2179 484 2232; x_wconf 76' lang='lat' dir='ltr'><strong>epo</strong></span> <span class='ocrx_word' id='word_1_160' title='bbox 509 2178 577 2217; x_wconf 90' lang='lat' dir='ltr'><strong>eum</strong></span> <span class='ocrx_word' id='word_1_161' title='bbox 606 2163 712 2220; x_wconf 90' lang='lat' dir='ltr'><strong>dubito</strong></span> <span class='ocrx_word' id='word_1_162' title='bbox 741 2178 807 2239; x_wconf 79' lang='lat' dir='ltr'><strong>ease</strong></span> <span class='ocrx_word' id='word_1_163' title='bbox 835 2161 1019 2218; x_wconf 84' lang='lat' dir='ltr'><strong>catholicum</strong></span> <span class='ocrx_word' id='word_1_164' title='bbox 1045 2162 1262 2220; x_wconf 84' lang='lat' dir='ltr'><strong>Christianum.</strong></span> 
     </span>
    </p>
   </div>
   <div class='ocr_carea' id='block_1_10' title="bbox 109 2242 1264 2892">
    <p class='ocr_par' dir='ltr' id='par_1_11' title="bbox 109 2242 1264 2892">
     <span class='ocr_line' id='line_1_21' title="bbox 175 2242 1263 2331; baseline -0.001 -16"><span class='ocrx_word' id='word_1_165' title='bbox 175 2250 180 2258; x_wconf 70' lang='grc'><strong>”</strong></span> <span class='ocrx_word' id='word_1_166' title='bbox 212 2245 315 2331; x_wconf 76' lang='lat' dir='ltr'><strong>Atque</strong></span> <span class='ocrx_word' id='word_1_167' title='bbox 338 2259 362 2314; x_wconf 87' lang='lat' dir='ltr'><strong>si</strong></span> <span class='ocrx_word' id='word_1_168' title='bbox 384 2257 478 2312; x_wconf 88' lang='lat' dir='ltr'><strong>otium</strong></span> <span class='ocrx_word' id='word_1_169' title='bbox 499 2255 590 2312; x_wconf 81' lang='lat' dir='ltr'><strong>fuerit</strong></span> <span class='ocrx_word' id='word_1_170' title='bbox 600 2296 610 2324; x_wconf 90' lang='lat'><strong>,</strong></span> <span class='ocrx_word' id='word_1_171' title='bbox 633 2242 766 2311; x_wconf 79' lang='lat' dir='ltr'><strong>scribam</strong></span> <span class='ocrx_word' id='word_1_172' title='bbox 785 2257 822 2312; x_wconf 88' lang='lat' dir='ltr'><strong>ad</strong></span> <span class='ocrx_word' id='word_1_173' title='bbox 843 2255 1014 2312; x_wconf 85' lang='lat' dir='ltr'><strong>Romanum</strong></span> <span class='ocrx_word' id='word_1_174' title='bbox 1034 2255 1214 2312; x_wconf 74' lang='lat' dir='ltr'><strong>Pontificem</strong></span> <span class='ocrx_word' id='word_1_175' title='bbox 1230 2267 1263 2314; x_wconf 84' lang='lat' dir='ltr'><strong>et</strong></span> 
     </span>
     <span class='ocr_line' id='line_1_22' title="bbox 213 2329 1263 2420; baseline -0.006 -10"><span class='ocrx_word' id='word_1_176' title='bbox 213 2351 352 2410; x_wconf 87' lang='lat' dir='ltr'><strong>dominos</strong></span> <span class='ocrx_word' id='word_1_177' title='bbox 365 2347 546 2411; x_wconf 78' lang='lat' dir='ltr'><strong>cardinales,</strong></span> <span class='ocrx_word' id='word_1_178' title='bbox 562 2364 596 2404; x_wconf 87' lang='lat' dir='ltr'><strong>ao</strong></span> <span class='ocrx_word' id='word_1_179' title='bbox 609 2329 772 2418; x_wconf 73' lang='lat' dir='ltr'><strong>coarguam</strong></span> <span class='ocrx_word' id='word_1_180' title='bbox 788 2343 869 2418; x_wconf 84' lang='lat' dir='ltr'><strong>eum,</strong></span> <span class='ocrx_word' id='word_1_181' title='bbox 887 2349 912 2406; x_wconf 86' lang='lat' dir='ltr'><strong>si</strong></span> <span class='ocrx_word' id='word_1_182' title='bbox 926 2365 959 2406; x_wconf 88' lang='lat' dir='ltr'><strong>se</strong></span> <span class='ocrx_word' id='word_1_183' title='bbox 972 2350 1070 2420; x_wconf 88' lang='lat' dir='ltr'><strong>ipsum</strong></span> <span class='ocrx_word' id='word_1_184' title='bbox 1082 2366 1144 2406; x_wconf 90' lang='lat' dir='ltr'><strong>non</strong></span> <span class='ocrx_word' id='word_1_185' title='bbox 1159 2367 1263 2406; x_wconf 84' lang='lat' dir='ltr'><strong>emen.</strong></span> 
     </span>
     <span class='ocr_line' id='line_1_23' title="bbox 109 2441 1262 2525; baseline -0.001 -23"><span class='ocrx_word' id='word_1_186' title='bbox 109 2463 113 2474; x_wconf 94' lang='lat'>·</span> <span class='ocrx_word' id='word_1_187' title='bbox 208 2445 290 2525; x_wconf 58' lang='lat' dir='ltr'><strong>,naria</strong></span> <span class='ocrx_word' id='word_1_188' title='bbox 315 2447 346 2500; x_wconf 91' lang='lat' dir='ltr'><strong>in</strong></span> <span class='ocrx_word' id='word_1_189' title='bbox 370 2441 530 2510; x_wconf 86' lang='lat' dir='ltr'><strong>omnibns,</strong></span> <span class='ocrx_word' id='word_1_190' title='bbox 555 2442 665 2514; x_wconf 81' lang='lat' dir='ltr'><strong>quibus</strong></span> <span class='ocrx_word' id='word_1_191' title='bbox 689 2441 852 2500; x_wconf 83' lang='lat' dir='ltr'><strong>foedissime</strong></span> <span class='ocrx_word' id='word_1_192' title='bbox 872 2453 962 2500; x_wconf 88' lang='lat' dir='ltr'><strong>errat.</strong></span> <span class='ocrx_word' id='word_1_193' title='bbox 1001 2442 1105 2500; x_wconf 89' lang='lat' dir='ltr'><strong>Doleo</strong></span> <span class='ocrx_word' id='word_1_194' title='bbox 1126 2444 1262 2514; x_wconf 75' lang='lat' dir='ltr'><strong>Legatos</strong></span> 
     </span>
     <span class='ocr_line' id='line_1_24' title="bbox 212 2525 1262 2610; baseline 0.001 -14"><span class='ocrx_word' id='word_1_195' title='bbox 212 2539 292 2596; x_wconf 86' lang='lat' dir='ltr'><strong>sedis</strong></span> <span class='ocrx_word' id='word_1_196' title='bbox 307 2536 489 2610; x_wconf 82' lang='lat' dir='ltr'><strong>Apostoliose</strong></span> <span class='ocrx_word' id='word_1_197' title='bbox 504 2535 578 2591; x_wconf 87' lang='lat' dir='ltr'><strong>tales</strong></span> <span class='ocrx_word' id='word_1_198' title='bbox 594 2552 684 2600; x_wconf 83' lang='lat' dir='ltr'><strong>esse.</strong></span> <span class='ocrx_word' id='word_1_199' title='bbox 713 2538 764 2607; x_wconf 87' lang='lat' dir='ltr'><strong>qui</strong></span> <span class='ocrx_word' id='word_1_200' title='bbox 780 2537 936 2594; x_wconf 82' lang='lat' dir='ltr'><strong>Christum</strong></span> <span class='ocrx_word' id='word_1_201' title='bbox 949 2525 1070 2592; x_wconf 83' lang='lat' dir='ltr'><strong>abolere</strong></span> <span class='ocrx_word' id='word_1_202' title='bbox 1084 2537 1262 2597; x_wconf 87' lang='lat' dir='ltr'><strong>moliantur.</strong></span> 
     </span>
     <span class='ocr_line' id='line_1_25' title="bbox 195 2621 1264 2704; baseline 0.002 -17"><span class='ocrx_word' id='word_1_203' title='bbox 195 2621 198 2631; x_wconf 85' lang='lat'>&#39;</span> <span class='ocrx_word' id='word_1_204' title='bbox 278 2632 333 2688; x_wconf 90' lang='lat' dir='ltr'><strong>His</strong></span> <span class='ocrx_word' id='word_1_205' title='bbox 356 2631 456 2703; x_wconf 75' lang='lat' dir='ltr'><strong>itaque</strong></span> <span class='ocrx_word' id='word_1_206' title='bbox 476 2630 574 2686; x_wconf 84' lang='lat' dir='ltr'><strong>nausis</strong></span> <span class='ocrx_word' id='word_1_207' title='bbox 600 2645 713 2701; x_wconf 84' lang='lat' dir='ltr'><strong>spero,</strong></span> <span class='ocrx_word' id='word_1_208' title='bbox 744 2631 785 2686; x_wconf 91' lang='lat' dir='ltr'><strong>mi</strong></span> <span class='ocrx_word' id='word_1_209' title='bbox 803 2631 963 2700; x_wconf 80' lang='lat' dir='ltr'><strong>Domine,</strong></span> <span class='ocrx_word' id='word_1_210' title='bbox 992 2632 1073 2704; x_wconf 88' lang='lat' dir='ltr'><strong>qnod</strong></span> <span class='ocrx_word' id='word_1_211' title='bbox 1089 2631 1264 2702; x_wconf 83' lang='lat' dir='ltr'><strong>justissima</strong></span> 
     </span>
     <span class='ocr_line' id='line_1_26' title="bbox 193 2714 1264 2800; baseline 0.001 -17"><span class='ocrx_word' id='word_1_212' title='bbox 193 2714 268 2800; x_wconf 39' lang='lat' dir='ltr'><strong>ssim</strong></span> <span class='ocrx_word' id='word_1_213' title='bbox 289 2733 469 2793; x_wconf 82' lang='lat' dir='ltr'><strong>excusatus,</strong></span> <span class='ocrx_word' id='word_1_214' title='bbox 496 2724 602 2780; x_wconf 88' lang='lat' dir='ltr'><strong>sinon</strong></span> <span class='ocrx_word' id='word_1_215' title='bbox 621 2740 753 2780; x_wconf 85' lang='lat' dir='ltr'><strong>venero:</strong></span> <span class='ocrx_word' id='word_1_216' title='bbox 779 2741 817 2780; x_wconf 87' lang='lat' dir='ltr'><strong>ne</strong></span> <span class='ocrx_word' id='word_1_217' title='bbox 832 2721 867 2793; x_wconf 81' lang='lat'><strong>²)</strong></span> <span class='ocrx_word' id='word_1_218' title='bbox 892 2725 997 2782; x_wconf 84' lang='lat' dir='ltr'><strong>addam</strong></span> <span class='ocrx_word' id='word_1_219' title='bbox 1020 2720 1156 2790; x_wconf 74' lang='lat' dir='ltr'><strong>stillam,</strong></span> <span class='ocrx_word' id='word_1_220' title='bbox 1176 2727 1264 2800; x_wconf 88' lang='lat' dir='ltr'><strong>quod</strong></span> 
     </span>
     <span class='ocr_line' id='line_1_27' title="bbox 208 2817 1263 2892; baseline -0.001 -17"><span class='ocrx_word' id='word_1_221' title='bbox 208 2837 305 2892; x_wconf 84' lang='lat' dir='ltr'><strong>nuper</strong></span> <span class='ocrx_word' id='word_1_222' title='bbox 322 2819 442 2892; x_wconf 81' lang='lat' dir='ltr'><strong>quidam</strong></span> <span class='ocrx_word' id='word_1_223' title='bbox 462 2817 645 2888; x_wconf 73' lang='lat' dir='ltr'><strong>sycophanta</strong></span> <span class='ocrx_word' id='word_1_224' title='bbox 668 2818 745 2889; x_wconf 84' lang='lat' dir='ltr'><strong>apud</strong></span> <span class='ocrx_word' id='word_1_225' title='bbox 765 2834 821 2876; x_wconf 89' lang='lat' dir='ltr'><strong>nos</strong></span> <span class='ocrx_word' id='word_1_226' title='bbox 844 2819 901 2876; x_wconf 80' lang='lat' dir='ltr'><strong>init</strong></span> <span class='ocrx_word' id='word_1_227' title='bbox 915 2819 1017 2876; x_wconf 88' lang='lat' dir='ltr'><strong>multis</strong></span> <span class='ocrx_word' id='word_1_228' title='bbox 1036 2820 1134 2880; x_wconf 81' lang='lat' dir='ltr'><strong>literis</strong></span> <span class='ocrx_word' id='word_1_229' title='bbox 1148 2821 1263 2878; x_wconf 79' lang='lat' dir='ltr'><strong>nuffar.</strong></span> 
     </span>
    </p>
   </div>
   <div class='ocr_carea' id='block_1_11' title="bbox 206 2913 1262 3268">
    <p class='ocr_par' dir='ltr' id='par_1_12' title="bbox 206 2913 1262 3268">
     <span class='ocr_line' id='line_1_28' title="bbox 208 2913 1261 2987; baseline 0 -17"><span class='ocrx_word' id='word_1_230' title='bbox 208 2915 348 2983; x_wconf 78' lang='lat' dir='ltr'><strong>cinarus,</strong></span> <span class='ocrx_word' id='word_1_231' title='bbox 376 2927 512 2984; x_wconf 76' lang='lat' dir='ltr'><strong>quaerens</strong></span> <span class='ocrx_word' id='word_1_232' title='bbox 534 2923 580 2973; x_wconf 76' lang='lat' dir='ltr'><strong>te.</strong></span> <span class='ocrx_word' id='word_1_233' title='bbox 609 2913 803 2982; x_wconf 76' lang='lat' dir='ltr'><strong>deinde&#39;me,</strong></span> <span class='ocrx_word' id='word_1_234' title='bbox 835 2913 886 2986; x_wconf 91' lang='lat' dir='ltr'><strong>qui</strong></span> <span class='ocrx_word' id='word_1_235' title='bbox 907 2915 1030 2970; x_wconf 78' lang='lat' dir='ltr'><strong>maritum</strong></span> <span class='ocrx_word' id='word_1_236' title='bbox 1051 2915 1261 2987; x_wconf 73' lang='lat' dir='ltr'><strong>suspicionem</strong></span> 
     </span>
     <span class='ocr_line' id='line_1_29' title="bbox 207 3006 1261 3080; baseline 0.003 -17"><span class='ocrx_word' id='word_1_237' title='bbox 207 3009 340 3077; x_wconf 85' lang='lat' dir='ltr'><strong>reliquit,</strong></span> <span class='ocrx_word' id='word_1_238' title='bbox 358 3008 477 3062; x_wconf 81' lang='lat' dir='ltr'><strong>insidias</strong></span> <span class='ocrx_word' id='word_1_239' title='bbox 487 3006 561 3062; x_wconf 91' lang='lat' dir='ltr'><strong>mihi</strong></span> <span class='ocrx_word' id='word_1_240' title='bbox 574 3007 707 3080; x_wconf 87' lang='lat' dir='ltr'><strong>nudique·</strong></span> <span class='ocrx_word' id='word_1_241' title='bbox 719 3017 850 3080; x_wconf 83' lang='lat' dir='ltr'><strong>paratas:</strong></span> <span class='ocrx_word' id='word_1_242' title='bbox 870 3009 998 3080; x_wconf 85' lang='lat' dir='ltr'><strong>denique</strong></span> <span class='ocrx_word' id='word_1_243' title='bbox 1012 3009 1116 3080; x_wconf 68' lang='lat' dir='ltr'><strong>fugere</strong></span> <span class='ocrx_word' id='word_1_244' title='bbox 1129 3021 1261 3068; x_wconf 83' lang='lat' dir='ltr'><strong>coaetus</strong></span> 
     </span>
     <span class='ocr_line' id='line_1_30' title="bbox 207 3102 1260 3187; baseline 0.001 -27"><span class='ocrx_word' id='word_1_245' title='bbox 207 3115 271 3172; x_wconf 87' lang='lat' dir='ltr'><strong>est,</strong></span> <span class='ocrx_word' id='word_1_246' title='bbox 287 3119 326 3158; x_wconf 87' lang='lat' dir='ltr'><strong>ue</strong></span> <span class='ocrx_word' id='word_1_247' title='bbox 341 3104 372 3158; x_wconf 89' lang='lat' dir='ltr'><strong>in</strong></span> <span class='ocrx_word' id='word_1_248' title='bbox 389 3102 488 3157; x_wconf 82' lang='lat' dir='ltr'><strong>Albim</strong></span> <span class='ocrx_word' id='word_1_249' title='bbox 506 3112 669 3171; x_wconf 78' lang='lat' dir='ltr'><strong>cogeretur</strong></span> <span class='ocrx_word' id='word_1_250' title='bbox 688 3103 814 3158; x_wconf 79' lang='lat' dir='ltr'><strong>sultare:</strong></span> <span class='ocrx_word' id='word_1_251' title='bbox 835 3103 1046 3187; x_wconf 76' lang='lat' dir='ltr'><strong>paululumque</strong></span> <span class='ocrx_word' id='word_1_252' title='bbox 1065 3103 1161 3159; x_wconf 81' lang='lat' dir='ltr'><strong>abfuit</strong></span> <span class='ocrx_word' id='word_1_253' title='bbox 1171 3145 1182 3173; x_wconf 88' lang='lat'><strong>,</strong></span> <span class='ocrx_word' id='word_1_254' title='bbox 1200 3107 1260 3161; x_wconf 87' lang='lat' dir='ltr'><strong>nisi</strong></span> 
     </span>
     <span class='ocr_line' id='line_1_31' title="bbox 206 3194 1262 3268; baseline 0.001 -14"><span class='ocrx_word' id='word_1_255' title='bbox 206 3216 264 3254; x_wconf 87' lang='lat' dir='ltr'><strong>nos</strong></span> <span class='ocrx_word' id='word_1_256' title='bbox 282 3197 519 3264; x_wconf 82' lang='lat' dir='ltr'><strong>restitissemus,</strong></span> <span class='ocrx_word' id='word_1_257' title='bbox 552 3195 624 3266; x_wconf 89' lang='lat' dir='ltr'><strong>quin</strong></span> <span class='ocrx_word' id='word_1_258' title='bbox 646 3194 847 3268; x_wconf 71' lang='lat' dir='ltr'><strong>interpretati</strong></span> <span class='ocrx_word' id='word_1_259' title='bbox 859 3195 1005 3266; x_wconf 82' lang='lat' dir='ltr'><strong>inissent,</strong></span> <span class='ocrx_word' id='word_1_260' title='bbox 1029 3199 1206 3254; x_wconf 86' lang='lat' dir='ltr'><strong>tuo·studin</strong></span> <span class='ocrx_word' id='word_1_261' title='bbox 1226 3199 1262 3254; x_wconf 85' lang='lat' dir='ltr'><strong>id</strong></span> 
     </span>
    </p>
   </div>
   <div class='ocr_carea' id='block_1_12' title="bbox 109 3289 1261 3359">
    <p class='ocr_par' dir='ltr' id='par_1_13' title="bbox 109 3289 1261 3359">
     <span class='ocr_line' id='line_1_32' title="bbox 109 3289 1261 3359; baseline 0.001 -12"><span class='ocrx_word' id='word_1_262' title='bbox 109 3312 113 3322; x_wconf 72' lang='lat'><strong><em>¹</em></strong></span> <span class='ocrx_word' id='word_1_263' title='bbox 206 3293 344 3358; x_wconf 80' lang='lat' dir='ltr'><strong>laetum,</strong></span> <span class='ocrx_word' id='word_1_264' title='bbox 371 3289 501 3344; x_wconf 82' lang='lat' dir='ltr'><strong>maxims</strong></span> <span class='ocrx_word' id='word_1_265' title='bbox 530 3305 600 3343; x_wconf 87' lang='lat' dir='ltr'><strong>eum</strong></span> <span class='ocrx_word' id='word_1_266' title='bbox 622 3290 821 3359; x_wconf 79' lang='lat' dir='ltr'><strong>audiremus,</strong></span> <span class='ocrx_word' id='word_1_267' title='bbox 852 3299 882 3344; x_wconf 85' lang='lat' dir='ltr'><strong>te</strong></span> <span class='ocrx_word' id='word_1_268' title='bbox 909 3289 1007 3344; x_wconf 85' lang='lat' dir='ltr'><strong>adhuc</strong></span> <span class='ocrx_word' id='word_1_269' title='bbox 1030 3291 1061 3346; x_wconf 91' lang='lat' dir='ltr'><strong>iu</strong></span> <span class='ocrx_word' id='word_1_270' title='bbox 1091 3289 1261 3348; x_wconf 80' lang='lat' dir='ltr'><strong>Germania</strong></span> 
     </span>
    </p>
   </div>
   <div class='ocr_carea' id='block_1_13' title="bbox 146 3381 1261 3842">
    <p class='ocr_par' dir='ltr' id='par_1_14' title="bbox 146 3381 1261 3842">
     <span class='ocr_line' id='line_1_33' title="bbox 206 3381 1260 3454; baseline 0 -12"><span class='ocrx_word' id='word_1_271' title='bbox 206 3387 366 3448; x_wconf 85' lang='lat' dir='ltr'><strong>desidere,</strong></span> <span class='ocrx_word' id='word_1_272' title='bbox 395 3383 452 3454; x_wconf 82' lang='lat' dir='ltr'><strong>qui</strong></span> <span class='ocrx_word' id='word_1_273' title='bbox 472 3381 560 3436; x_wconf 86' lang='lat' dir='ltr'><strong>nobis</strong></span> <span class='ocrx_word' id='word_1_274' title='bbox 588 3381 775 3451; x_wconf 88' lang='lat' dir='ltr'><strong>promisisti,</strong></span> <span class='ocrx_word' id='word_1_275' title='bbox 806 3393 888 3437; x_wconf 80' lang='lat' dir='ltr'><strong>reeta</strong></span> <span class='ocrx_word' id='word_1_276' title='bbox 919 3381 966 3438; x_wconf 85' lang='lat' dir='ltr'><strong>via</strong></span> <span class='ocrx_word' id='word_1_277' title='bbox 990 3394 1020 3438; x_wconf 89' lang='lat' dir='ltr'><strong>et</strong></span> <span class='ocrx_word' id='word_1_278' title='bbox 1047 3386 1076 3442; x_wconf 90' lang='lat' dir='ltr'><strong>in</strong></span> <span class='ocrx_word' id='word_1_279' title='bbox 1101 3385 1192 3442; x_wconf 79' lang='lat' dir='ltr'><strong>brevi</strong></span> <span class='ocrx_word' id='word_1_280' title='bbox 1221 3387 1260 3442; x_wconf 84' lang='lat' dir='ltr'><strong>ad</strong></span> 
     </span>
     <span class='ocr_line' id='line_1_34' title="bbox 204 3473 1260 3556; baseline 0.004 -22"><span class='ocrx_word' id='word_1_281' title='bbox 204 3479 313 3534; x_wconf 88' lang='lat' dir='ltr'><strong>urbem</strong></span> <span class='ocrx_word' id='word_1_282' title='bbox 339 3490 369 3534; x_wconf 91' lang='lat' dir='ltr'><strong>te</strong></span> <span class='ocrx_word' id='word_1_283' title='bbox 393 3477 613 3549; x_wconf 83' lang='lat' dir='ltr'><strong>profecturum.</strong></span> <span class='ocrx_word' id='word_1_284' title='bbox 648 3475 700 3556; x_wconf 63' lang='lat' dir='ltr'><strong>¹Itu</strong></span> <span class='ocrx_word' id='word_1_285' title='bbox 725 3473 774 3543; x_wconf 83' lang='lat' dir='ltr'><strong>fit,</strong></span> <span class='ocrx_word' id='word_1_286' title='bbox 798 3487 832 3530; x_wconf 91' lang='lat' dir='ltr'><strong>ut</strong></span> <span class='ocrx_word' id='word_1_287' title='bbox 857 3493 913 3546; x_wconf 78' lang='lat' dir='ltr'><strong>ego</strong></span> <span class='ocrx_word' id='word_1_288' title='bbox 934 3477 1055 3548; x_wconf 89' lang='lat' dir='ltr'><strong>quidem</strong></span> <span class='ocrx_word' id='word_1_289' title='bbox 1077 3481 1260 3538; x_wconf 73' lang='lat' dir='ltr'><strong>excusatius</strong></span> 
     </span>
     <span class='ocr_line' id='line_1_35' title="bbox 146 3565 1177 3639; baseline 0 -11"><span class='ocrx_word' id='word_1_290' title='bbox 146 3579 150 3584; x_wconf 84' lang='lat'>&#39;</span> <span class='ocrx_word' id='word_1_291' title='bbox 204 3581 254 3639; x_wconf 80' lang='lat' dir='ltr'><strong>ta,</strong></span> <span class='ocrx_word' id='word_1_292' title='bbox 279 3573 331 3626; x_wconf 86' lang='lat' dir='ltr'><strong>sed</strong></span> <span class='ocrx_word' id='word_1_293' title='bbox 350 3582 450 3627; x_wconf 87' lang='lat' dir='ltr'><strong>tamen</strong></span> <span class='ocrx_word' id='word_1_294' title='bbox 472 3569 602 3639; x_wconf 87' lang='lat' dir='ltr'><strong>undique</strong></span> <span class='ocrx_word' id='word_1_295' title='bbox 620 3565 741 3624; x_wconf 80' lang='lat' dir='ltr'><strong>insidias</strong></span> <span class='ocrx_word' id='word_1_296' title='bbox 757 3571 829 3626; x_wconf 87' lang='lat' dir='ltr'><strong>mihi</strong></span> <span class='ocrx_word' id='word_1_297' title='bbox 851 3571 1027 3626; x_wconf 85' lang='lat' dir='ltr'><strong>metuendas</strong></span> <span class='ocrx_word' id='word_1_298' title='bbox 1045 3571 1177 3628; x_wconf 84' lang='lat' dir='ltr'><strong>videam.</strong></span> 
     </span>
     <span class='ocr_line' id='line_1_36' title="bbox 273 3651 1261 3735; baseline 0.006 -17"><span class='ocrx_word' id='word_1_299' title='bbox 273 3663 343 3718; x_wconf 83' lang='lat' dir='ltr'><strong>Jam</strong></span> <span class='ocrx_word' id='word_1_300' title='bbox 356 3664 438 3735; x_wconf 89' lang='lat' dir='ltr'><strong>quod</strong></span> <span class='ocrx_word' id='word_1_301' title='bbox 449 3678 514 3718; x_wconf 87' lang='lat' dir='ltr'><strong>rem</strong></span> <span class='ocrx_word' id='word_1_302' title='bbox 529 3661 725 3718; x_wconf 86' lang='lat' dir='ltr'><strong>difficiliorem</strong></span> <span class='ocrx_word' id='word_1_303' title='bbox 736 3651 983 3734; x_wconf 69' lang='lat' dir='ltr'><strong>perastuturun,</strong></span> <span class='ocrx_word' id='word_1_304' title='bbox 1001 3666 1027 3722; x_wconf 89' lang='lat' dir='ltr'><strong>si</strong></span> <span class='ocrx_word' id='word_1_305' title='bbox 1045 3661 1261 3724; x_wconf 79' lang='lat' dir='ltr'><strong>sanctissimus</strong></span> 
     </span>
     <span class='ocr_line' id='line_1_37' title="bbox 205 3755 1258 3842; baseline 0.005 -29"><span class='ocrx_word' id='word_1_306' title='bbox 205 3757 357 3818; x_wconf 84' lang='lat' dir='ltr'><strong>Dominus</strong></span> <span class='ocrx_word' id='word_1_307' title='bbox 385 3755 450 3812; x_wconf 89' lang='lat' dir='ltr'><strong>Leo</strong></span> <span class='ocrx_word' id='word_1_308' title='bbox 473 3759 608 3814; x_wconf 80' lang='lat' dir='ltr'><strong>desimus</strong></span> <span class='ocrx_word' id='word_1_309' title='bbox 630 3757 733 3828; x_wconf 88' lang='lat' dir='ltr'><strong>plures</strong></span> <span class='ocrx_word' id='word_1_310' title='bbox 754 3756 924 3829; x_wconf 81' lang='lat' dir='ltr'><strong>Episcopus</strong></span> <span class='ocrx_word' id='word_1_311' title='bbox 948 3761 987 3820; x_wconf 81' lang='lat' dir='ltr'><strong>ad</strong></span> <span class='ocrx_word' id='word_1_312' title='bbox 1015 3760 1103 3842; x_wconf 79' lang='lat' dir='ltr'><strong>istam</strong></span> <span class='ocrx_word' id='word_1_313' title='bbox 1131 3777 1258 3818; x_wconf 82' lang='lat' dir='ltr'><strong>eausam</strong></span> 
     </span>
    </p>
   </div>
   <div class='ocr_carea' id='block_1_14' title="bbox 87 4011 524 4103">
    <p class='ocr_par' dir='ltr' id='par_1_15' title="bbox 87 4011 524 4103">
     <span class='ocr_line' id='line_1_38' title="bbox 87 4011 524 4103; baseline -0.007 -6"><span class='ocrx_word' id='word_1_314' title='bbox 87 4019 92 4032; x_wconf 28' lang='grc' dir='ltr'>ἱ</span> <span class='ocrx_word' id='word_1_315' title='bbox 176 4011 184 4094; x_wconf 32' lang='grc' dir='ltr'><strong>,Ι</strong></span> <span class='ocrx_word' id='word_1_316' title='bbox 239 4029 524 4103; x_wconf 59' lang='lat' dir='ltr'><strong>sibodlemt.</strong></span> 
     </span>
    </p>
   </div>
   <div class='ocr_carea' id='block_1_15' title="bbox 0 0 1382 4553">
    <p class='ocr_par' dir='ltr' id='par_1_16' title="bbox 0 0 1382 4553">
     <span class='ocr_line' id='line_1_39' title="bbox 0 0 1382 4553; baseline 0 0"><span class='ocrx_word' id='word_1_317' title='bbox 0 0 1382 4553; x_wconf 95' lang='lat' dir='ltr'><strong> </strong></span> 
     </span>
    </p>
   </div>
  </div>
 </body>
</html>
