2756 4558
209 275 300 383 {stu

105 540 106 548 p
141 522 144 528 .
231 475 313 532 sicut
332 486 453 546 semper
469 467 635 538 abhorrui,
661 469 706 543 ite¹
722 484 873 543 nunquam
896 469 926 527 iu
951 472 1032 528 hedo
1058 485 1156 545 usque
1176 469 1286 528 borum
1362 475 1363 484 ’

232 569 357 626 accessi·
431 623 440 637 ,
1362 561 1363 586 ¹

300 661 418 730 Deinde
437 644 500 732 nun
522 659 618 726 lame,
642 674 708 730 qun
727 657 810 728 leus,
823 675 900 731 ,quse
923 661 1053 716 nominis
1074 661 1227 718 aeternitas
1247 677 1287 718 ex
1362 651 1363 724 ἕ

229 775 279 814 me
299 756 412 830 sperari
436 755 535 826 possit
554 753 761 808 illustrissimus
783 751 991 810 Dominetioni
1009 752 1087 810 turci
1116 771 1188 812 cun
1207 767 1243 812 tu
1261 757 1287 812 is
1362 751 1363 834 ᾗ

227 847 375 924 Princeps
395 850 454 912 sis,
481 848 531 920 qui
550 863 619 903 cum
641 849 758 903 caeteris
780 855 851 902 vers
875 847 1025 920 Principis
1049 849 1192 918 dotibus,
1219 860 1288 905 tum

157 1002 158 1005 ,
228 946 341 1002 eximio
361 943 518 1000 literarum
530 941 787 1012 literatorumque
805 957 926 1010 amore,
945 925 1059 999 tentum
1078 944 1132 1000 tibi
1153 943 1287 1000 nominis
1362 1001 1363 1020 ,

227 1043 258 1096 et
276 1022 378 1109 glories
398 1039 532 1110 petens,
558 1047 593 1092 ut
612 1053 674 1107 non
692 1035 783 1092 etiem
796 1037 916 1108 Appion
936 1035 1011 1105 tibi,
1030 1038 1082 1092 sed
1098 1039 1233 1110 Appioni
1255 1050 1287 1094 er

119 1139 122 1148 “
227 1133 367 1191 omnibus
388 1133 438 1206 qui
461 1142 491 1188 te
504 1129 668 1198 ‚celebrent
681 1118 730 1200 s),
750 1131 880 1186 nominis
900 1130 1155 1186 immortalitatem
1178 1133 1221 1188 sis
1235 1132 1288 1188 da.

117 1263 120 1270 ·
225 1236 322 1285 turus.
359 1227 437 1302 Quis
463 1227 580 1295 ignoret
602 1224 776 1296 Principem
806 1224 1025 1279 Friderieum
1017 1241 1047 1278 ιιι
1076 1225 1286 1296 provehendis

225 1323 321 1380 literis
350 1322 523 1394 exemplum
553 1320 667 1376 fectum
695 1319 813 1374 cunctis
835 1318 1044 1390 Principibus?
1074 1319 1236 1378 Θιιιοιιιιι·
1254 1331 1288 1376 et

224 1417 407 1475 Ebreioetur
426 1427 472 1474 set
491 1416 621 1472 feliciter
643 1412 866 1482 Wittembergs
888 1421 948 1469 tue.
994 1415 1085 1469 Artes
1105 1413 1288 1482 benigniore

227 1529 318 1586 quem
342 1513 490 1568 hacteuus
510 1511 652 1566 Minerva
673 1511 838 1574 docentur,
857 1507 976 1564 sincero
995 1507 1108 1563 Christi
1129 1507 1287 1578 theologia

82 1581 86 1588 Ι
160 1593 163 1600 ’
226 1603 410 1678 triumphet,
431 1603 623 1677 opinionibus
640 1615 670 1662 et
689 1601 906 1678 questionibus
924 1601 1080 1658 hominum
1097 1617 1193 1674 prope
1209 1603 1286 1658 nibil

170 1729 177 1744 ·
226 1715 328 1770 neque
350 1699 541 1772 opinantibus
569 1716 667 1772 nsque
691 1697 906 1773 querentibus.
949 1697 1020 1752 Haec
1045 1699 1144 1752 omnin
1173 1697 1286 1754 florent

166 1867 170 1882 ,
226 1796 287 1852 tuis
319 1795 487 1871 auspiciis,
521 1795 693 1863 sumtibus,
725 1794 880 1866 presidiis.
933 1791 1049 1846 Utinurn
1085 1791 1284 1847 ecclesiastici

226 1901 401 1960 magnetes,
431 1905 509 1960 quos
538 1889 645 1944 hurum
674 1905 776 1944 rerum
796 1887 947 1960 exempla
977 1887 1108 1942 maxime
1139 1897 1284 1958 prestere

130 2003 132 2008 ’
228 1983 409 2057 oportebat,
434 1983 517 2039 luicis
536 1982 743 2054 Principibus,
769 1983 874 2039 saltem
892 1983 1038 2036 laieorum
1062 1983 1226 2052 exemplu
1219 1983 1284 2036 imi.

227 2087 383 2134 terentur·
409 2078 527 2136 seilicet
550 2078 625 2134 edeo
638 2078 809 2148 infeliciter
831 2077 922 2133 cessit
944 2075 1098 2147 opulentis
1120 2085 1151 2130 et
1176 2085 1284 2147 poten.

228 2182 308 2228 tetus
324 2171 480 2240 Ecclesia.
891 2219 896 2230 .

314 2263 385 2318 dem
408 2281 481 2319 vero
509 2265 579 2336 quid
602 2263 751 2334 gratificer
772 2265 830 2322 tuis
855 2265 884 2319 in
907 2279 957 2318 me
977 2263 1168 2335 amplissimis
1190 2263 1281 2322 bene.

209 2335 321 2424 ‘liciis,
339 2373 405 2428 que
429 2357 528 2411 omnia
546 2357 576 2411 in
594 2357 667 2411 nibil
684 2372 849 2414 merentem
868 2349 1046 2415 collocasti?
1064 2359 1142 2414 Tuis
1165 2359 1283 2432 impes.

229 2452 272 2509 sis
290 2451 379 2522 cupiti
403 2465 472 2505 meo
493 2450 599 2506 insano
621 2451 796 2523 impositum
816 2463 862 2509 est
878 2454 992 2523 insigne
1011 2453 1281 2512 illudostentetio.

228 2545 275 2602 nis
305 2561 398 2612 mse,
418 2545 517 2615 ‘cujus
545 2559 594 2600 me
620 2547 711 2616 pudet
739 2545 770 2600 et
796 2527 895 2602 temen
922 2547 1031 2617 gestari
1059 2557 1208 2618 oportet,
1240 2550 1281 2603 ite

228 2639 400 2696 volentibus
428 2639 487 2706 iis,
514 2638 624 2710 quibus
650 2655 699 2694 me
720 2640 822 2696 audire
848 2629 902 2714 pur'
920 2651 975 2698 est.
1025 2642 1082 2697 Sed
1107 2643 1226 2712 quentis
1250 2652 1282 2700 et

229 2733 301 2790 illud
330 2735 501 2790 monstrum
532 2748 656 2802 meum,
687 2737 768 2803 quod
797 2751 835 2790 ex
863 2736 1054 2805 indulgentiis
1075 2735 1149 2792 mibi
1175 2747 1279 2794 nutum

229 2838 291 2891 est,
318 2829 417 2895 curis,
436 2825 556 2892 officiis.
583 2827 752 2896 sumtibus,
777 2829 904 2902 denique
931 2841 961 2886 et
979 2831 1121 2904 periculis
1142 2831 1280 2887 constitit

227 2922 436 2980 Dominetioui
464 2923 548 2998 tus?
582 2922 643 2978 Scit
667 2924 805 2995 uniuersa
832 2933 882 2980 tus
907 2925 1003 3000 ditio,
1026 2925 1115 2993 longe
1131 2925 1278 2995 maj0rem

227 3017 360 3106 11)ιίηοίρί
380 3033 436 3089 pro
457 3031 505 3072 me
527 3017 767 3084 solicitudinem,
792 3031 880 3092 quem
901 3019 974 3074 mibi
994 3020 1050 3092 ipsi
1070 3021 1172 3075 luisse.
1212 3017 1277 3090 Ego

221 3131 284 3188 pro
310 3127 374 3168 mee
402 3111 571 3168 temeritate
595 3111 691 3178 eleum
708 3115 790 3184 jsol,
816 3124 951 3168 extrema
973 3129 1093 3186 semper
1111 3123 1231 3168 tentare
1248 3125 1278 3169 et

163 3227 167 3238 ·
227 3217 388 3280 expectere
413 3213 543 3280 perotus.
578 3206 657 3263 Nem
684 3205 982 3270 ethso'oocnsione
1010 3208 1076 3263 lore
1096 3209 1276 3279 sperabunt,

225 3315 261 3358 ut
286 3303 430 3358 docendis
456 3301 519 3356 eliis
545 3301 730 3374 submotus,
757 3303 895 3371 angulum
914 3303 988 3358 mihi
1009 3303 1196 3370 invenirem,
1226 3303 1277 3358 de.

226 3407 328 3466 serto,
348 3398 433 3468 quod·
448 3395 603 3466 odiebam,
621 3399 754 3470 publico.
790 3399 846 3452 Sed
865 3396 995 3468 perstitit
1011 3399 1047 3462 Ε)
1066 3409 1124 3451 tris)
1138 3396 1277 3452 beletro.

225 3491 302 3568 diuis
323 3492 471 3560 officium,
497 3499 615 3546 etcum
637 3511 693 3562 epo
717 3509 858 3566 cuperem
877 3491 954 3564 peti,
980 3509 1046 3564 quae
1067 3491 1107 3546 illi
1127 3492 1276 3548 ardebunt

225 3583 355 3649 inferre,
373 3572 488 3640 neutris
507 3585 619 3655 cessit,
637 3589 718 3656 quod
737 3587 871 3658 cupitum
889 3595 947 3640 est.

294 3677 350 3732 Sed
369 3679 503 3734 nondum
524 3673 607 3748 linis,
629 3679 728 3751 pledet
746 3690 847 3737 temen
863 3680 976 3737 interes
996 3665 1033 3749 ¹¹)
1052 3688 1180 3742 eventus
1200 3680 1275 3750 iste,

278 3906 291 3952 f
297 3912 305 3960 )
328 3897 361 3954 ll·
383 3907 398 3959 J
406 3920 450 3954 eo.
471 3911 599 3962 celebrent.
635 3899 638 3909 ¹

278 3989 307 4044 pl
335 3983 400 4036 Jen.
418 3989 542 4048 ,praestitio

179 4113 181 4118 ,
275 4065 308 4116 ll)
336 4065 364 4110 A.
385 4063 490 4111 interim.
518 4068 584 4118 Jen.
606 4068 702 4117 iterum.
779 4077 786 4092 ·
