2760 4556
567 323 683 390 4518.
704 332 710 354 “
732 323 735 334 ’
1103 331 1161 394 tet

111 483 170 556 ipsi
186 481 303 556 parenti
323 448 518 572 mutilorum,
532 477 693 540 Parieiensi
702 520 713 552 ,
731 489 764 536 ut
781 477 922 544 schedula
937 485 1163 555 protestationis

112 593 187 634 mee
205 577 326 633 indicet.
877 655 879 663 γ

177 671 238 728 llic
254 673 365 728 iterum
382 669 483 727 ridens
500 685 602 730 menm
621 668 684 726 hoc
705 669 881 740 consilium,
911 670 1002 743 coepit
1021 685 1164 736 monere.

82 811 86 820 .
110 772 146 820 nt
171 765 208 821 ad
236 782 294 821 cor
317 765 472 828 redirent,
504 763 723 838 veritatemque
749 752 966 834 agnoscerem:
999 763 1076 820 velle
1097 781 1165 824 sese
1284 755 1288 768 ’

110 873 236 915 rursum
254 875 304 914 me
321 859 519 919 reconciliare
538 857 685 914 Ecclesiae
704 866 734 912 et
751 873 871 912 summo
889 855 1048 927 Pontifici,
1066 868 1098 914 et
1116 859 1165 918 hia

110 953 245 1021 similia,
266 953 360 1030 ¹quasi
379 953 443 1024 jam
466 951 645 1036 haereticus,
669 959 804 1025 apostata
829 961 861 1007 et
889 959 975 1008 extra
994 951 1165 1010 Ecclesiam

113 1061 213 1103 essem
229 1046 410 1106 declaratus.
446 1045 503 1104 Sed
525 1061 596 1102 cum
614 1062 671 1117 ego
688 1062 749 1102 nnn
764 1045 887 1110 verbis,
906 1047 960 1102 sed
976 1047 1097 1119 scriptis
1117 1062 1167 1103 re.

111 1141 266 1212 spondere
281 1141 511 1220 promitterem,
530 1149 560 1196 et
577 1151 731 1214 peterem,
749 1137 821 1197 satis
839 1139 931 1196 inisse
948 1143 1068 1196 mecum
1084 1123 1167 1198 ente.

111 1235 194 1291 rinre
217 1234 268 1292 die
293 1234 501 1304 digladiatum:
528 1233 590 1290 hoc
610 1234 757 1303 verbum,
782 1233 991 1305 digtndtntnm,
1009 1235 1165 1312 mordicus

112 1327 331 1400 apprehendit,
364 1339 395 1384 et
422 1329 543 1396 ridens,
573 1327 612 1383 lili
640 1327 705 1397 mi,
734 1327 856 1400 inquii,
889 1345 950 1390 non
976 1343 1044 1384 sum
1064 1339 1166 1386 tecum

112 1422 309 1492 digladiatus,
334 1439 392 1480 nec
412 1423 485 1480 volo
505 1431 607 1478 tecum
630 1422 801 1492 digladiari,
826 1423 879 1480 sed
904 1439 1043 1492 monere,
1076 1425 1169 1480 etin.

113 1517 192 1578 terim
206 1517 401 1576 illustrissimi
420 1515 570 1589 Principis
591 1515 735 1572 Friderici
760 1525 882 1590 paterne
903 1533 938 1572 ac
961 1507 1089 1587 benigne
1114 1534 1188 1588 atu.¹

113 1611 201 1668 dire:
225 1610 290 1666 hoc
316 1618 363 1666 est
387 1606 445 1680 (ut
469 1627 525 1680 ego
554 1611 686 1679 cogebar
708 1607 901 1680 intelligere)
933 1607 1064 1667 edirihil
1086 1611 1166 1668 eund

114 1719 204 1778 quam
223 1705 261 1764 ed
279 1703 508 1760 revocationem
527 1721 645 1774 urgere.
681 1703 846 1778 Displicnit
867 1705 945 1760 enim
962 1707 1072 1760 merito
1092 1703 1167 1760 stnl.

71 1803 76 1815 ‘
113 1799 176 1855 titia
194 1815 282 1868 mea,
301 1797 383 1874 qnod
404 1815 462 1871 pro
481 1799 633 1873 disputare
645 1799 694 1854 vel
710 1799 895 1855 contendere
907 1795 1009 1870 (quod
1024 1799 1167 1855 anteriori

113 1893 162 1958 die
176 1895 309 1965 egimus,
329 1895 442 1966 reipsa,
461 1895 485 1949 si
499 1911 559 1950 non
575 1903 698 1968 oportet
715 1895 840 1962 negare)
860 1891 1012 1960 digladiari
1030 1893 1167 1948 dixeram

113 1985 295 2059 elegantius,
313 2003 406 2060 quarn
425 1997 498 2046 tunc
520 2005 570 2044 res
587 1989 650 2060 ipsa
666 1985 850 2056 postulabat.

180 2084 324 2154 Interim,
341 2099 390 2143 me
402 2091 533 2152 tacente,
548 2082 643 2151 surgit
655 2080 842 2136 reverendus
853 2077 1007 2135 Dominus
1019 2077 1168 2150 vicarius,

112 2184 240 2251 petens,
263 2186 297 2233 nt
314 2194 363 2234 me
391 2176 491 2242 (sicut
516 2183 546 2230 et
569 2175 632 2244 ipse
655 2174 823 2248 petieram)
849 2175 879 2228 in
899 2173 1019 2244 scriptia
1034 2173 1166 2229 audiret:

115 2271 202 2344 qnod
222 2271 338 2328 tandem
357 2271 412 2331 vix
435 2269 631 2332 obtinuimus,
666 2267 747 2324 Nem
765 2267 916 2339 publicem
934 2267 1168 2340 disputationem

115 2365 234 2439 noluit,
252 2365 387 2438 privatim
402 2379 525 2439 quoque
540 2361 668 2432 negabat
689 2379 722 2418 se
740 2377 861 2419 mecum
880 2361 1116 2436 disputaturum:
1137 2361 1167 2418 in

114 2460 240 2530 scriptis
260 2459 347 2516 etiam
362 2445 552 2530 'respondere
573 2455 712 2514 similiter
727 2473 823 2532 usqne
845 2457 881 2512 ad
899 2468 964 2514 eam
985 2456 1094 2513 horam
1112 2472 1169 2511 no.

111 2555 171 2610 luit
192 2555 379 2620 concedere,
403 2553 504 2609 solnm
530 2550 625 2607 modo
648 2551 811 2608 revocandi
833 2547 962 2606 verbum
987 2549 1169 2608 inculcabat.

112 2648 250 2724 Quodsi
270 2647 430 2709 iecissem,
455 2661 516 2700 non
534 2645 639 2712 dubito
662 2648 762 2702 omnia
780 2645 872 2702 inisse
896 2647 942 2700 vel
962 2647 1168 2716 paternissime
1233 2671 1236 2676 ·

114 2743 303 2816 compositas
319 2741 553 2810 benignissimus
568 2741 647 2796 enim
662 2741 709 2796 vir
728 2749 791 2802 est.
809 2739 1030 2820 meoiudicio,
1048 2737 1101 2794 sed
1116 2735 1168 2810 qui

111 2853 263 2894 revocare
279 2835 478 2893 libentissime
494 2833 667 2891 audivisset.

180 2931 292 2994 Tertio
311 2943 474 2996 reversus,
499 2926 596 2983 obtuli
621 2928 836 3012 responsiones
859 2925 896 2982 ad
920 2925 1040 2998 objecta
1058 2923 1119 2980 dno
1138 2923 1169 2980 in

110 3026 250 3098 scriptis.
292 3023 380 3100 Quae
397 3023 527 3094 primum
546 3021 686 3077 multant
704 3022 799 3077 inania
814 3019 908 3076 verba
926 3019 1021 3088 dixit,
1039 3019 1118 3074 sicut
1139 3029 1171 3073 et

110 3134 194 3177 nnnc
222 3117 347 3187 scribit,
374 3135 423 3172 me
449 3117 611 3179 admodum
633 3115 714 3171 fatue
742 3113 955 3194 respondisse,
983 3096 1023 3170 et⁸
1036 3111 1169 3186 replesse

110 3231 261 3288 papyrum
281 3213 357 3269 locis
374 3201 536 3286 Scripturas
551 3207 828 3290 impertinentibus2
854 3221 981 3280 seseque
996 3220 1099 3262 veram
1117 3219 1171 3260 eo.

110 3325 184 3369 rum
207 3305 434 3378 intelligentiam
466 3305 595 3370 dedisse.
640 3301 756 3358 Verum
780 3316 850 3358 cum
876 3301 1021 3357 dixissem
1049 3297 1170 3354 tandem
1209 3345 1213 3354 a

110 3421 173 3480 pro
187 3419 238 3458 me
254 3409 349 3467 stare,
369 3401 451 3480 qnod
466 3396 784 3476 Extravagansfldicit,
804 3395 960 3451 Christum
974 3395 1040 3449 suis
1054 3391 1170 3464 passio.

110 3497 203 3554 nibus
223 3497 419 3570 acquisivisse
441 3495 619 3552 thesaurum
638 3490 783 3548 Ecclesia
810 3505 891 3548 sun:
918 3488 1019 3545 stetim
1044 3485 1171 3558 arripuit

112 3593 279 3662 codicem,
301 3591 395 3661 legit,
419 3597 451 3646 et
477 3589 508 3646 in
523 3587 672 3658 verbum,
698 3583 873 3660 amantis,
898 3581 1036 3656 impegit,
1062 3580 1168 3638 sedulo

111 3697 217 3751 tamen
236 3685 425 3742 dissimulans
443 3699 511 3741 sese
529 3681 699 3755 impegisse.
1197 3739 1199 3746 ,

184 3783 316 3850 surgens
333 3779 453 3858 tandem
474 3777 566 3836 dixit:
585 3777 679 3845 vade,
696 3775 810 3849 lnquit,
835 3781 887 3830 ant
905 3783 1051 3844 revoces,
1069 3778 1121 3825 aut
1139 3769 1170 3826 in

114 3885 317 3948 conspectum
342 3890 445 3930 meum
468 3889 531 3931 non
556 3869 731 3932 revertaris,
777 3867 844 3939 Ego
877 3881 951 3924 vero
983 3879 1060 3921 mox
1091 3860 1170 3954 abii¹

114 3972 245 4028 credens
265 3986 315 4026 me
336 3967 514 4044 simplicitet
538 3981 601 4028 non
626 3965 739 4023 reverti
766 3963 894 4031 endere,
925 3957 1171 4034 quandoquidem

112 4065 310 4142 propositum
331 4047 406 4122 non
419 4062 583 4124 revocandi
607 4061 817 4130 firmaveram,
839 4057 896 4114 ntsi
921 4055 1000 4112 atiud
1028 4053 1168 4114 doceret·
