2756 4558
84 259 119 332 ‘¹
209 289 270 360 aar
469 249 471 262 ἱ
692 229 782 364 ists.

281 453 337 509 Sed
354 453 425 526 quid
440 468 524 522 agam
541 449 663 508 beatiss.
685 451 798 511 Pater?
815 451 937 508 Desunt
951 453 1024 510 mihi
1039 441 1161 512 consilia
1175 473 1264 530 pror.

176 571 181 588 .
210 565 283 606 sus:
309 559 489 620 potestatem
515 549 565 601 irae
588 561 644 600 tnta
671 547 750 600 ferre
773 563 834 602 non
857 565 1005 618 possum‚¹
1028 561 1058 604 et
1083 569 1145 622 quo
1168 537 1262 610 inodo

179 645 188 670 ¹
210 645 332 715 eripiar,
353 645 470 709 ignoro.
495 641 734 696 Revoca‘tionetn
750 624 929 712 enpustulor
946 643 1173 716 disputationis:
1195 663 1259 716 quaa

208 741 234 795 si
254 739 282 796 id
305 748 406 808 posset
428 751 595 806 praestare,
624 737 706 807 quod
729 753 782 808 per
805 752 871 790 eant
896 740 1063 808 quaritur,
1090 733 1155 803 s'ine
1175 733 1261 796 mora

207 849 263 900 ego
288 843 461 902 praestarem
484 847 558 884 earn.
595 829 685 885 Nunc
706 841 811 887 autem
828 846 896 884 cum
916 831 1125 888 resistentibus
1143 846 1174 888 et
1193 851 1261 906 pre.

205 926 357 984 inentibus
374 927 574 994 adversariis,
592 936 705 995 scrtpta
725 940 790 979 mea
809 925 895 979 latius
916 926 1079 994 vagentur,
1100 943 1194 996 quam
1207 945 1262 982 un.

206 1035 296 1092 quam
323 1035 541 1090 speraveram:
575 1020 662 1074 simul
691 1020 867 1090 profundius
891 1019 1033 1076 haeserint
1059 1020 1260 1089 patrimorum

205 1114 329 1180 animis,
348 1131 440 1186 quam
456 1113 488 1168 u't
505 1117 641 1170 revocari
657 1115 790 1184 possint:
811 1115 883 1184 quin
894 1131 964 1170 cum
978 1113 1139 1170 Germania
1157 1125 1261 1172 nostra

204 1207 299 1265 hodie
319 1209 394 1262 mire
411 1209 515 1263 lloreat
531 1209 671 1277 ingeniis,
684 1211 881 1282 eruditione,
894 1211 1028 1279 judicio:
1047 1213 1071 1264 si
1091 1209 1261 1264 Romanam

205 1299 376 1360 Ecclesiam
394 1305 466 1358 volo
491 1287 660 1361 bonorare:
688 1305 718 1358 id
742 1321 831 1376 qttam
854 1318 984 1359 maxime
1000 1303 1074 1358 mihi
1093 1305 1261 1358 curandum

193 1399 297 1460 'video
316 1415 387 1474 „pne
414 1399 485 1468 quid
508 1399 568 1452 ullo
594 1399 686 1452 modo
711 1415 865 1454 revocem.
915 1395 993 1452 Nam
1013 1397 1093 1452 istud
1112 1413 1261 1452 revocare

205 1493 280 1548 nihil
301 1493 404 1559 lieret,
426 1495 480 1548 nisi
498 1491 667 1558 Ecclesiam
687 1491 853 1548 Romanam
872 1495 963 1562 magis
982 1509 1016 1546 ac
1035 1493 1127 1561 magis
1148 1491 1260 1548 loedare

206 1597 237 1642 et
254 1589 284 1642 itt
303 1604 357 1642 ora
377 1589 512 1642 omniurn
531 1589 686 1642 hominum
706 1591 902 1642 accusandam
923 1591 1050 1641 tradere.

275 1683 322 1736 Illi
344 1683 401 1751 illi,
435 1683 493 1736 lteu
513 1681 634 1736 beatiss.
653 1682 760 1748 Pater,
787 1684 864 1736 hanc
885 1679 1030 1736 Ecclesiae
1052 1665 1197 1736 Romanae
1216 1668 1261 1737 in'.

203 1775 491 1846 tulerunt.injttriam
507 1783 537 1828 et
560 1783 640 1846 paene
662 1771 813 1830 infamiam
828 1778 904 1846 apud
922 1791 977 1830 noa
992 1775 1021 1829 itt
1035 1775 1196 1830 Germania
1207 1776 1220 1808 ⁰
1231 1773 1258 1850 ),

205 1871 314 1944 quibus
340 1889 396 1941 ego
426 1871 537 1940 restiti,
564 1872 593 1924 id
617 1882 678 1939 est,
707 1872 757 1940 qui
778 1871 939 1924 insulsimis
960 1867 1022 1924 suis
1045 1867 1258 1938 sermonibus,

142 1969 149 1978 '
204 1965 260 2022 sub
277 1967 398 2020 nomine
416 1966 614 2022 Beatitudinia
636 1977 704 2037 tusa,
725 1965 863 2053 nonsnisi
886 1963 1079 2017 deterrimam
1101 1964 1257 2020 avaritiam

203 2061 384 2128 coluerunt,
403 2069 433 2116 et
449 2059 617 2131 opprobrio
637 2059 763 2130 Aegypti
782 2059 1016 2115 contaminatam
1037 2065 1067 2110 et
1082 2056 1257 2143 abominan.

203 2155 273 2208 dam
289 2155 484 2208 reddiderunt
497 2153 783 2216 sanctificationem:
813 2162 843 2206 et
861 2149 944 2222 quasi
967 2152 996 2206 id
1015 2167 1075 2204 nott
1093 2152 1257 2206 satisfuerit

148 2261 155 2266 ·
202 2247 463 2314 malorum„me,
493 2248 653 2317 quittantis
673 2263 780 2302 eorum
796 2249 940 2302 monstris
958 2246 1100 2312 occurri,
1118 2256 1256 2302 autorem

154 2359 157 2368 ’
184 2355 264 2430 Δειιιειε
284 2341 463 2396 temeritatis
481 2341 558 2414 apud
577 2341 661 2396 Beat.
680 2351 761 2394 tuam
780 2342 942 2414 inculpant.

145 3816 149 3842 l

278 2432 392 2500 Nunc,
422 2431 542 2490 beatiss.
564 2433 674 2506 Pater,
701 2449 804 2490 corant
823 2436 895 2492 Deo
915 2445 944 2492 et
965 2445 1030 2500 tota
1047 2443 1186 2504 creatura
1203 2449 1258 2490 soa

200 2536 324 2590 testor,
348 2543 397 2582 mc
417 2543 518 2598 neque*
541 2531 670 2584 voluisse
691 2547 789 2600 itaque
813 2532 904 2588 hodie
929 2530 1005 2585 velle
1026 2529 1173 2586 Ecclesia
1191 2527 1257 2582 Rc.

176 2639 295 2680 *manae
319 2639 355 2677 ac
381 2621 463 2678 [leat.
490 2635 547 2678 tuae
568 2633 748 2694 potestatem
770 2626 831 2680 ullo
854 2625 946 2681 modo
967 2635 1090 2693 tangere
1112 2635 1163 2678 aut
1182 2637 1272 2692 qua.-

201 2733 322 2790 cunque
344 2719 476 2786 versutia
504 2719 662 2774 demoliri:
697 2722 767 2790 quin
793 2720 963 2792 plenissime
988 2718 1138 2784 confiteor
1163 2717 1257 2788 hujus

199 2809 346 2868 Ecclesia
367 2823 548 2882 potestatem
573 2830 638 2868 csse
661 2831 751 2884 super
774 2815 886 2868 omnia:
913 2827 975 2867 nec
992 2814 1019 2868 ei
1035 2811 1257 2890 praeferendum

199 2907 361 2978 quidquam
383 2906 447 2964 aive
476 2907 505 2960 in
530 2907 607 2966 coelo
633 2908 697 2990 sive
721 2909 750 2962 in
770 2919 871 2975 terra,
897 2917 1005 2979 preater
1028 2921 1122 2962 unum
1145 2903 1257 2960 desunt

136 3011 139 3016 '
200 3000 357 3064 ,Christum
376 3001 545 3072 Dominum
562 3004 717 3058 omnium:
737 3011 794 3058 nec
810 3002 894 3056 Beat.
914 3013 964 3056 tua
983 3001 1051 3055 ullis
1070 2999 1156 3059 malis
1178 2999 1257 3058 dolis

199 3096 325 3162 eredat,
344 3097 394 3186 poi
414 3095 501 3150 aliter
514 3098 558 3166 ¹ila
579 3096 716 3154 Luthero
733 3085 769 3163 d)
796 3099 860 3157 boc
878 3097 1105 3159 machinantur.r
1132 3146 1153 3162 ,‚
1187 3113 1192 3128 ·
1249 3154 1255 3164 ,

174 3236 177 3246 ,
268 3187 310 3244 Et
330 3189 413 3258 quod
437 3205 531 3244 unum
547 3183 580 3244 'in
600 3191 657 3245 ista
674 3207 762 3246 causa
781 3192 881 3249 lacere
908 3207 1049 3262 posstnn,
1078 3190 1256 3261 promittam

152 3311 158 3318 ·
195 3281 394 3352 libentissime
418 3277 516 3338 Beat.
532 3293 589 3341 tuae
602 3323 612 3352 ,
640 3285 727 3340 istam
748 3287 784 3340 de
811 3286 1001 3360 indulgentiis
1029 3285 1187 3340 materiam
1205 3299 1255 3338 mc

197 3377 340 3448 deinceps
363 3378 559 3444 relicturum.
579 3379 758 3456 penitusque
776 3381 938 3436 taciturum
961 3380 1080 3444 (modo
1098 3389 1129 3436 et
1148 3379 1260 3438 adver.

196 3471 266 3527 sarii
288 3472 346 3528 mei
368 3487 436 3540 suas
458 3488 549 3528 vanas
567 3476 711 3544 ampullas
728 3475 915 3539 contineam)
930 3473 970 3549 ⁰),
984 3473 1150 3538 ,editurum
1174 3473 1261 3528 deni·

196 3581 259 3640 que
278 3566 309 3622 in
325 3559 448 3636 vulnus,
468 3583 529 3640 qno
549 3567 714 3638 intelligant
729 3580 760 3625 et
775 3553 1016 3638 moveantarf),
1032 3575 1066 3622 ut
1082 3567 1259 3638 Mmapam

204 3713 729 3740 Qu—-n———n-ffl-n--n

249 3814 279 3864 cl
312 3819 572 3876 autogr-inii.

251 3898 283 3947 d)
312 3898 386 3945 Aut.
410 3897 528 3946 Martius.

165 4025 169 4036 ’
252 3983 282 4026 a)
311 3977 381 4024 Aut.
406 3975 543 4024 cohibeant.

201 4037 217 4054 “
250 4053 279 4102 ll
308 4056 381 4125 ant.
404 4059 572 4110 montantota
598 4109 599 4116 ἵ
