2760 4556
211 295 271 366 att
412 311 445 392 ,-
694 293 810 358 1518»

210 457 326 514 dictum
348 451 476 524 aliquid,
503 465 593 522 quam
614 460 717 506 sancta
742 448 882 507 Ecclesia
904 407 1046 506 Romana
1072 451 1168 523 capita
1193 467 1274 510 mox

211 553 277 625 ipse
294 547 369 604 milti
383 545 480 619 judex
498 559 573 612 ero,
592 552 623 600 et
641 561 746 600 canam
765 543 958 616 palinodiam.

94 645 97 652 '
205 650 209 668 ⁵
253 643 430 702 *ueterum
451 641 503 700 hic
526 639 585 696 erit
602 639 722 706 nodus,
747 637 844 695 sicubi
865 638 1054 710 opinationes
1073 639 1115 695 D.
1136 638 1273 696 Thomas

211 739 261 797 illa
290 737 473 810 pertinacius
508 734 657 804 coluerit,
696 751 787 806 quam
818 735 901 790 ferre
930 735 1027 806 possit
1053 731 1215 792 decretum
1241 743 1274 790 et

145 857 152 872 ·
212 832 358 888 autoritas
375 829 538 888 Ecclesiae:
558 838 681 886 catanus
699 829 725 886 ei
744 843 807 885 non
822 830 945 897 cedam,
964 837 1113 899 quatenoc
1127 829 1274 885 Ecclesia

209 943 273 982 nnn
301 923 455 1006 revocarit
483 939 571 980 anum
599 923 684 996 prius
715 924 889 987 decretum,
919 939 981 996 qun
1004 935 1062 992 ego
1082 924 1176 979 nitor.
1214 923 1273 980 Hei

190 1021 277 1089 ·hei,
295 1017 392 1090 inquit
407 1018 475 1086 illa,
493 1017 585 1074 vultis
601 1017 760 1075 hastiludia
780 1017 901 1074 faceret
927 1017 1047 1074 Deinde
1070 1019 1225 1091 processit
1241 1019 1273 1074 in

209 1113 413 1173 insanissimas
439 1112 690 1186 propositiones,
720 1121 754 1170 nt
783 1111 880 1185 palam
909 1113 1075 1168 fateretur:
1105 1113 1272 1168 mendacta

208 1207 412 1282 proposiones
426 1207 519 1276 licere
536 1205 710 1278 praedicari,
728 1207 821 1262 modo
837 1207 949 1262 bonam
968 1199 1114 1278 quaestam
1133 1206 1148 1272 (
1155 1213 1191 1261 ut
1207 1205 1272 1274 ait)

211 1302 348 1358 lacerent
365 1311 396 1358 ct
416 1315 536 1373 capsam
555 1300 727 1373 replerentt
744 1309 782 1356 et
799 1299 957 1358 Pontificia
974 1309 1158 1373 potestatem
1179 1313 1275 1370 naga.

210 1405 260 1460 ret
285 1397 472 1482 tractandam
500 1396 721 1466 disputatione,
747 1395 799 1450 sad
822 1395 1025 1450 extollendam
1047 1395 1105 1464 ita,
1133 1402 1169 1449 nt
1193 1401 1272 1450 nutu

210 1490 279 1546 solo
300 1491 401 1546 omnia
420 1491 585 1561 abrogare,
604 1491 695 1546 ctiam
711 1505 745 1544 ea
765 1505 831 1560 quae
849 1489 916 1544 litlei
933 1499 1055 1558 essent,
1074 1490 1104 1544 in
1118 1489 1179 1544 hac
1196 1504 1274 1558 praa.

211 1585 300 1658 cipue
319 1601 354 1640 re
373 1585 486 1658 possit,
505 1595 535 1640 et
553 1585 696 1642 nonnulla
718 1583 771 1640 alia
789 1597 855 1656 quac
875 1599 981 1640 coram
1000 1584 1114 1640 audies.
1151 1584 1193 1638 At
1212 1599 1272 1654 ego

210 1681 294 1736 hunc
321 1680 484 1744 Sinonem,
517 1695 624 1752 panum
651 1681 789 1736 consutae
818 1680 1001 1736 instructum
1030 1687 1095 1733 arte
1122 1677 1249 1748 Pelasga
1259 1659 1277 1748 ,⁵

211 1773 328 1843 dimisi,
348 1781 379 1828 st
395 1773 477 1830 abiit.
512 1773 558 1829 lta
578 1774 657 1830 iuter
676 1787 761 1846 spem
779 1781 809 1827 et
825 1782 942 1828 metum
961 1771 1095 1844 pendeo:
1114 1789 1184 1828 nam
1207 1790 1273 1829 non

148 1939 151 1946 Ι
210 1885 317 1940 parum
335 1851 450 1948 fiducia
468 1869 525 1924 iste
544 1869 694 1923 mediator
711 1869 830 1940 ineptus
848 1868 923 1924 mihi
944 1869 1083 1924 contulita

255 1961 453 2020 0Doctoretn
481 1961 739 2034 christophorum
764 1961 922 2018 Scheurlin
936 1959 974 2029 ⁴⁵)
1002 1979 1064 2018 non
1084 1963 1183 2018 inveni
1202 1960 1271 2018 Nc.

210 2056 392 2132 rimbcrgan:
411 2057 479 2114 ideo
498 2057 575 2128 apud
593 2057 763 2118 Dominum
782 2057 959 2128 Philippum
975 2055 1134 2114 Feilitzsch
1153 2055 1217 2126 egi,
1236 2063 1272 2109 ut

176 2189 179 2208 .
210 2153 333 2208 nomine
349 2155 500 2228 Principis
517 2155 602 2208 daret
621 2153 760 2210 Domino
777 2151 912 2208 Johanni
929 2151 1126 2208 Bctseumeic
1140 2147 1194 2218 **)
1212 2163 1270 2204 sex

210 2247 366 2313 florenos,
393 2247 468 2302 allos
491 2256 621 2318 quatuor
640 2249 716 2316 apud
737 2245 779 2302 D.
794 2247 973 2308 Scheurlin‚
988 2245 1037 2299 vel
1054 2245 1195 2300 Priorem
1212 2260 1273 2300 no.

211 2339 267 2396 stri
287 2349 457 2394 conventus
472 2317 673 2408 Nnrmlncrgae
688 2349 828 2394 mutuum
849 2342 1012 2412 acciperet.
1048 2339 1128 2395 Nam
1144 2337 1272 2393 omnino

210 2430 339 2502 negabat
360 2449 449 2504 posse
469 2449 502 2487 se
530 2434 581 2490 tali
604 2443 708 2490 sumtu
733 2441 851 2490 tantum
872 2436 931 2490 iter
957 2433 1114 2507 perliceret
1160 2431 1272 2488 Veniet

212 2541 286 2595 ergo
307 2537 419 2596 quanto
438 2537 540 2600 potest
559 2529 717 2584 maturius.

247 2641 250 2650 ·
280 2621 562 2679 Reverendissimus
581 2623 674 2679 Pater
690 2622 829 2680 Vientina
845 2631 952 2681 noster
968 2613 1095 2681 Ductor
1110 2622 1273 2680 Jchaonea

211 2713 345 2802 Staupitz
364 2717 471 2772 scribit
488 2733 554 2773 sese
571 2719 695 2774 omnino
716 2727 747 2775 et
763 2719 933 2775 certissime
956 2729 1134 2787 venturum,
1152 2719 1178 2774 si
1196 2735 1274 2774 con.

101 2831 107 2834 ·
211 2812 326 2868 stiterit
347 2811 374 2867 ei
390 2823 440 2866 me
457 2813 623 2869 advenisse.
661 2811 735 2870 Ideo
756 2815 858 2895 statim
876 2797 969 2870 missn'
984 2813 1089 2870 Fratre
1105 2813 1272 2870 Leonardo
1370 2827 1371 2836 ¹

212 2919 251 2960 eo
270 2907 335 2971 ilie,
356 2924 418 2979 quc
436 2924 602 2978 veneram,
619 2910 759 2965 nunciavi
780 2911 806 2966 ei
827 2911 990 2966 adventum
1006 2925 1108 2965 meum
1127 2918 1158 2964 et
1170 2909 1271 2964 *hodie

212 3011 346 3072 expecto
364 3011 538 3059 venturum.
575 3004 691 3062 Orator
712 3005 844 3060 Franciae
865 3003 979 3059 abierat
1000 3005 1089 3074 paulo
1109 3012 1274 3075 antequam

103 3121 113 3144 o
211 3097 282 3152 veni
302 3099 332 3152 in
350 3105 464 3156 terram
482 3115 587 3169 suam,
607 3101 715 3156 relicto
733 3100 839 3170 insigni
853 3099 970 3169 judicio
989 3098 1079 3154 studii
1098 3097 1143 3154 sui
1162 3097 1193 3152 in
1212 3113 1273 3152 me.

282 3191 343 3249 llas
366 3192 468 3249 literas
495 3195 520 3251 si
543 3196 619 3251 meis
646 3193 995 3261 lVittembcrgensihus,
1031 3191 1079 3245 vel
1102 3198 1188 3245 certe
1219 3207 1272 3256 ea,

212 3301 279 3358 qun
308 3301 362 3342 eos
390 3287 470 3344 scire
496 3291 651 3358 volueris,
685 3287 980 3355 communicaveris,
1007 3295 1126 3354 gratum
1150 3285 1275 3342 leceris:

119 3384 124 3401 ¹
213 3380 363 3450 (scribam
394 3378 469 3438 alias¹
489 3383 578 3440 latius
606 3393 637 3438 et
662 3385 816 3456 pluribus,
842 3381 935 3436 modo
967 3365 1208 3451 per'ncgotinm
1243 3391 1274 3436 et

213 3483 333 3546 tempus
346 3493 409 3534 non
422 3459 540 3546 liutto:
555 3486 638 3550 'quos
659 3493 766 3534 omnes
790 3493 858 3531 meo
879 3479 1002 3530 nornine
1015 3475 1139 3541 salutas,
1157 3481 1188 3526 et
1207 3473 1275 3528 sira

207 3572 271 3638 'ego
292 3572 414 3627 redeam
435 3573 499 3629 siva
527 3577 644 3643 minus,
668 3589 815 3645 prospere
836 3579 935 3640 agant.
970 3567 1051 3625 Nam
1074 3575 1194 3623 certum
1214 3575 1274 3636 est,

267 3819 297 3866 *ι
326 3817 387 3866 baar
402 3815 519 3870 enecati
540 3829 571 3867 ιιι
585 3821 683 3871 natam
698 3818 800 3874 rtttlrrttt
817 3821 900 3876 mritis
916 3821 961 3870 nt.
975 3821 1110 3876 uariantur
1128 3818 1184 3872 tat.

267 3898 307 3946 ”a
333 3896 587 3954 encraticarum
618 3903 660 3948 tta
682 3903 767 3954 tutata
787 3903 957 3956 truncatura
977 3900 1016 3954 tiit
1035 3902 1071 3948 ιιι
1095 3897 1216 3956 cratetur
1233 3897 1273 3943 ln·

214 3971 358 4108 ιιῗιξίίιιῐιιιι
381 3977 486 4032 &arsut
507 3979 533 4026 tn
556 3979 703 4038 tutttrntrta
716 3981 838 4035 annnam.
865 3983 901 4034 st
915 3981 981 4040 tattt
995 3981 1080 4034 aaran
1096 3975 1274 4031 tranantur

217 4062 243 4108 at
255 4063 265 4102 ι
282 4060 315 4104 ιι.
676 4087 682 4102 .
993 4069 997 4077 ’

193 4114 211 4141 1
