2756 4558
580 323 671 396 1519.
854 337 887 404 μ
1092 329 1153 394 303

166 481 336 548 Percussae
356 497 432 546 vere
449 489 536 556 sum,
551 483 603 542 obi
618 485 687 540 boc
704 473 814 542 ‘viderit
832 481 946 542 Ecciue
960 501 1047 544 rusus
1060 485 1152 548 Ecci.

84 597 216 658 “unaque
229 587 349 649 ¹factio.
377 583 479 640 statim
497 582 721 640 vociferaturos
746 595 834 648 esse,
859 596 921 636 nou
944 596 1080 639 servasse
1101 601 1150 642 me

97 681 216 750 ioedns,
234 698 292 738 neo
310 678 503 737 conventioni
522 677 678 748 paruisse,
697 672 749 733 ubi
768 683 890 732 cnutum
910 685 958 732 eet
968 715 978 745 ,
996 694 1033 732 ns
1050 679 1153 752 dispu-

98 769 175 832 tatio
196 776 368 848 invulgetur
389 785 456 842 aute
476 773 635 828 decretum
647 769 798 841 judicum.
838 767 933 844 Quesi
956 785 1031 830 vere
1055 775 1152 834 ullum

97 880 223 943 pactum
241 855 330 928 nobis
353 883 485 939 uuquam
507 865 696 924 servaverint
721 865 789 937 ipsi.
823 863 1008 938 Respondes
1027 875 1153 940 tamen,

96 979 150 1018 me
179 964 376 1032 convenisse,
403 977 442 1018 ne
466 977 522 1034 per
546 975 605 1018 noe
631 959 792 1032 disputetio
822 961 999 1032 evulgetur,
1025 979 1060 1022 en
1085 956 1152 1039 qne

96 1073 191 1114 manu
209 1058 399 1116 notariorum
415 1063 543 1130 excepta
561 1063 619 1112 eet.
656 1053 771 1110 Cetera
790 1071 865 1112 vero
881 1057 1074 1129 exemplaria,
1092 1063 1153 1118 sic.

97 1161 133 1210 ut
168 1153 400 1226 permittebatur
428 1151 553 1208 cuilibet
589 1137 647 1206 sibi
676 1150 781 1206 endem
811 1151 971 1222 colligendi
1000 1165 1154 1227 potestas,

55 1263 58 1270 ’
97 1247 169 1322 quis
190 1248 381 1320 prohibebit,
415 1264 453 1304 ne
478 1245 626 1304 edantur?
646 1243 705 1302 Sed
732 1253 820 1313 esto,
845 1263 902 1302 nec
922 1247 985 1322 ipss
1005 1249 1153 1309 edantur:

97 1359 205 1400 meum
229 1345 339 1400 notorii
368 1342 525 1416 exemplet·
551 1357 613 1398 non
644 1339 772 1408 edetur,
799 1341 927 1411 pulchre
959 1343 1000 1399 its
1030 1353 1153 1404 servato

97 1449 201 1510 pacto.
238 1439 370 1508 Verum,
395 1453 435 1494 ne
465 1443 611 1509 praeterea
641 1433 828 1504 scriberem,
857 1449 919 1492 non
943 1438 1060 1509 pepigi,
1081 1437 1154 1496 'imo

96 1536 199 1606 palem
221 1543 406 1606 protestatus
421 1547 504 1601 sum,
523 1545 594 1586 cum
613 1528 812 1600 iniquioribus
830 1539 966 1588 nostram
981 1519 1156 1591 libertatem

98 1627 328 1686 conditionibus
342 1635 509 1705 vexarent,
525 1641 563 1681 ne
582 1631 811 1698 praesumerent,
828 1641 879 1682 me
898 1627 1079 1686 taciturum:
1098 1630 1155 1686 ita.

99 1739 164 1794 que
178 1723 253 1780 nolo
271 1732 387 1780 tecere.
734 1763 737 1771 .

179 1817 239 1874 Sed
266 1817 346 1888 finge
369 1831 419 1872 nte
445 1815 486 1872 its
512 1813 678 1886 pepigisse,
707 1829 806 1898 rogo,
837 1825 908 1872 uter
931 1816 1030 1888 primo
1062 1817 1155 1878 solvit

97 1912 247 1980 protum?
263 1910 375 1968 Nonne
386 1909 518 1978 Eceius,
537 1911 610 1982 qui,
625 1916 660 1964 at
675 1907 786 1977 audio,
802 1909 976 1980 ampullosis
990 1921 1021 1966 et
1032 1913 1156 1984 iniquis.

99 2003 187 2061 simis
201 2005 298 2062 literis
315 2005 407 2062 etiam
423 2005 577 2061 illustriss.
598 2002 775 2075 Principem
788 2011 819 2059 et
829 1998 999 2060 Patronem
1016 2015 1156 2062 nostrum

100 2093 223 2169 (qoem
244 2116 305 2156 sue
322 2099 446 2158 factioni
466 2098 676 2171 stupidissimus
693 2099 822 2156 similem
839 2089 1158 2170 somniat)‘oorrum.
1253 2175 1256 2182 Ι

101 2206 179 2263 pere
199 2194 322 2250 molitus
344 2203 410 2264 eat,
435 2195 568 2266 pessimo
586 2193 624 2248 ds
644 2209 716 2263 me,
746 2203 890 2266 quanttun
910 2197 1029 2268 potuit,
1051 2207 1157 2254 recen.

87 2300 196 2352 aens,
220 2284 304 2356 qussi
328 2301 484 2354 negassem
508 2287 537 2344 S.
558 2287 687 2344 Petram
707 2289 796 2344 simul
819 2291 954 2346 omnium
972 2293 1154 2356 sententies.
1192 2305 1194 2310 ·

105 2379 185 2436 mibi
205 2378 260 2434 soli
279 2377 445 2448 arrogarim
467 2379 630 2450 Scriptura
650 2381 890 2454 intelligentiam,
919 2387 1046 2442 concilia
1068 2403 1159 2457 nega.

106 2475 186 2542 rim,
209 2472 369 2530 hereticos
391 2471 603 2530 defenderim..
624 2473 679 2530 Hie
701 2477 780 2550 enim
797 2479 961 2536 mendaciis
987 2479 1083 2537 homo
1107 2481 1161 2536 ille
1250 2461 1253 2470 ’

103 2585 202 2642 purus
221 2577 252 2625 et
272 2586 297 2627 s.
316 2569 479 2640 theologus
503 2577 566 2629 tatu
585 2583 706 2626 sucrum
722 2581 754 2626 et
770 2572 940 2629 venerabile
958 2585 1049 2646 caput
1068 2591 1159 2631 ausus

105 2671 155 2720 est
171 2671 304 2734 tentare,
323 2673 355 2720 et
372 2679 423 2720 me
441 2679 547 2720 coram
569 2666 685 2736 optimo
702 2665 843 2740 Principe
861 2677 923 2724 tem
938 2671 1058 2740 egregie
1073 2686 1161 2725 com.

105 2757 262 2812 mendane.
303 2755 386 2832 Quid
415 2758 451 2814 ad
472 2741 581 2830 elios,
598 2769 702 2831 putas,
727 2761 835 2818 scribit
856 2772 887 2818 et
914 2763 1050 2834 loquitur
1073 2765 1159 2831 (sine

104 2852 227 2909 scilicet
251 2853 331 2926 pacti
359 2853 563 2922 violatione),
596 2856 647 2926 qni
678 2856 713 2911 ad
741 2867 880 2913 nostrum
908 2856 1077 2914 Patronurn
1103 2861 1164 2915 iste·

104 2947 237 3006 ecribit?
255 2950 319 3004 Aut
337 2949 408 3020 qnid
425 2950 503 3021 apud
523 2950 647 3006 remulce
663 2965 749 3005 meos
760 2965 871 3020 uerum
888 2951 971 3008 dicet
983 2950 1039 3021 tt),
1058 2954 1108 3026 qui
1125 2952 1182 3008 sd*

104 3043 221 3110 telem,
246 3051 310 3100 tarn
327 3045 524 3117 prudentem,
549 3053 612 3101 tam
635 3043 833 3101 formidabilis
854 3046 961 3118 judicii
987 3047 1161 3116 Principem
1214 3031 1218 3038 ’

105 3137 230 3192 mentiri
248 3137 323 3194 nihil
341 3139 455 3211 pudet?
537 3136 541 3143 ’
683 3212 687 3218 ⁸
750 3145 752 3152 '

102 3278 104 3289 .
178 3231 280 3286 Audio
307 3231 435 3304 denique
459 3233 606 3288 coullasee
630 3247 700 3286 eum
727 3232 870 3304 quasdem
899 3232 1161 3304 interpretationes

106 3341 202 3399 super
223 3326 358 3383 articulis
382 3326 579 3400 quibusdam,
609 3325 683 3381 mihi
711 3342 765 3397 per
790 3325 941 3398 inquietos
971 3334 1001 3381 et
1026 3327 1095 3385 meli
1116 3325 1165 3383 sui
1195 3325 1198 3340 '

107 3421 239 3492 cupidos
252 3421 434 3478 fraterculos
448 3421 613 3494 impositis:
632 3433 722 3496 atque
739 3422 848 3477 iterum
861 3435 911 3476 me
924 3437 1027 3476 coram
1044 3413 1165 3492 magna.

106 3517 192 3572 tibus
212 3517 289 3570 mira
313 3496 460 3574 enaritate
481 3516 705 3586 Manicheum,
729 3515 900 3584 Hessitam,
925 3515 1177 3587 Wiclrlelietam„

107 3619 141 3665 et
163 3610 268 3666 nescio
291 3621 367 3684 quot
387 3611 549 3680 generibus
568 3610 743 3668 hoereticum
767 3611 971 3683 descripsisse.
1016 3613 1065 3668 Sic
1084 3615 1164 3670 solet

106 3703 243 3762 Ecciena
264 3706 411 3761 modestia
434 3722 555 3763 servare
576 3720 708 3778 pictum.
744 3705 857 3762 Verum
879 3705 957 3762 lianc
976 3723 1059 3763 suam
1086 3709 1163 3764 inse.

106 3802 189 3856 niem
212 3801 286 3856 mihi
311 3799 398 3856 tacite
418 3809 464 3856 est
485 3813 700 3872 contemnere,
724 3801 894 3874 qui'norim
915 3801 1047 3860 hominis
1067 3803 1164 3857 lerme

108 3900 210 3946 totam
231 3895 478 3962 suppellectilem.
514 3899 615 3969 Atque
632 3898 684 3984 ubi
702 3897 751 3954 illa
769 3912 823 3953 sus
844 3897 990 3966 genimina
1008 3897 1037 3953 in
1055 3909 1161 3951 manus

104 4019 638 4046 ¹une—r---v---n⁸⁸⁸—11—-munumentum-me·-

147 4094 199 4148 ,pi
226 4093 255 4140 tt·
276 4092 301 4142 Β.
320 4093 388 4146 dicit.
