2756 4558
571 257 660 373 asia.
1073 314 1153 383 ⁴ass

93 458 162 515 sine
193 457 287 514 dubio
317 473 376 512 nec
405 455 569 516 Germania
602 476 651 516 eas
681 471 832 518 nosceret.
878 464 951 522 ldeu
977 467 1026 526 his
1055 471 1152 531 tribus

89 552 297 610 Pontificibus
320 553 451 608 dandum
470 561 532 618 eat,
559 555 640 626 quoti
657 555 781 612 decreta
802 555 1011 620 Romanorum
1026 562 1154 622 Pontili.

91 661 167 702 cum
185 647 336 716 invulgata
354 657 441 715 tunt,
462 656 494 702 et
510 645 647 704 Romana
664 651 954 720 tyraouie‘stabilita.
983 675 985 687 .

165 742 224 798 Sed
245 743 317 815 quld
339 751 440 798 tamen
460 742 527 798 haec
546 743 582 799 nt
603 759 701 800 meam
719 746 967 806 conclusionem?
984 749 1050 822 Ego
1071 759 1150 827 nego

88 837 267 893 Romanam
297 835 468 894 Ecclesiam
502 837 643 894 omnibus
670 837 818 896 Ecclesiis
842 843 1052 916 superiorem,
1088 867 1151 908 uon

88 949 173 1002 nego
199 947 265 986 eum
291 931 404 988 nostris
435 930 492 999 (ut
518 947 599 988 auno
616 934 750 1002 regnat)
777 937 973 1007 superiorem.
1004 940 1150 1016 'Quando

90 1025 175 1082 enim
192 1023 306 1082 Eccius
326 1024 484 1096 probabit,
503 1027 585 1098 quod
603 1025 898 1102 Constantinopolis,
919 1047 968 1088 aut
988 1034 1047 1092 ulla
1065 1035 1151 1094 Grae.

90 1122 147 1176 ciat
178 1118 343 1185 Ecclesia,
378 1121 498 1190 quaudo
529 1119 742 1190 Antiochena‚
780 1127 900 1196 quando
929 1127 1149 1202 Alexandrina,
1189 1161 1191 1168 ι

91 1214 217 1286 mando
238 1213 371 1284 Africo,
398 1216 518 1286 quaudo
537 1201 671 1292 ,Aegypti
698 1219 755 1274 sub
779 1219 915 1279 Romana
939 1221 1070 1292 luerint,
1097 1237 1150 1284 aut
1223 1235 1225 1249 '

90 1309 259 1380 episcopos
271 1307 472 1368 confirmatos·
485 1313 677 1379 acceperint?
694 1311 760 1384 Ego
778 1327 877 1372 autem
889 1320 1047 1390 probabo,
1067 1323 1149 1394 quod

91 1413 123 1458 et
147 1401 318 1472 Gregorius
337 1403 386 1458 ille
405 1419 531 1473 magnus
556 1413 586 1460 et
610 1407 724 1478 primus
751 1424 767 1461 a
791 1408 938 1466 Mauritlc
960 1413 1147 1487 Imperatore

91 1495 207 1554 Graeco
227 1495 424 1552 confirmatus
444 1507 508 1566 est,
528 1509 558 1553 et
579 1499 728 1568 sylverius
746 1517 762 1554 a
782 1501 927 1560 Belisario
947 1509 1074 1577 patricio
1092 1524 1148 1580 per
1224 1520 1228 1529 ’

91 1582 262 1662 Augustam
280 1589 421 1648 Graecam
440 1593 614 1664 depositae,
642 1605 672 1649 et
691 1595 785 1651 multa
804 1597 869 1652 alia.
911 1599 1053 1672 Denique
1072 1617 1150 1657 nun.
1256 1639 1260 1648 ·

92 1687 165 1759 quiri
185 1685 367 1756 Christiani,
386 1687 437 1758 qui
457 1687 547 1741 etiarn
568 1703 648 1743 nuno
667 1699 736 1743 sunt
755 1689 812 1746 sub
832 1691 952 1763 Turne,
971 1695 1148 1766 Persarum,

89 1781 257 1848 ludorum,
285 1779 464 1850 Scytharum
485 1781 627 1850 regibus,
655 1781 761 1838 Rome
787 1796 857 1840 sunt
880 1788 1033 1860 subjecti?
1062 1790 1150 1848 ltane

88 1885 255 1947 presentes
272 1873 416 1932 historiae
437 1875 466 1929 in
485 1891 520 1932 cs
539 1874 622 1930 Eecii
636 1887 763 1932 ruentes
783 1878 926 1946 negabit?

158 1969 189 2024 Si
203 1983 283 2045 ergo
303 1967 488 2040 posuissem,
507 1971 589 2040 quod
609 1969 745 2026 Romana
764 1971 902 2028 Ecclesia
919 1991 1015 2046 usque
1037 1977 1067 2031 in
1087 1978 1146 2034 lto.

89 2065 230 2121 dier-num
253 2064 333 2120 diem
352 2080 414 2119 uon
433 2063 574 2120 omnibus
593 2057 739 2120 Ecclesiis
758 2065 865 2124 luisset
882 2066 913 2135 c)
933 2070 1093 2138 superior,
1114 2078 1145 2128 et

86 2159 175 2231 qnod
189 2166 296 2214 contra
305 2155 436 2213 Eccium
449 2167 543 2214 staret
558 2157 686 2214 historia
698 2156 844 2214 Ecclesiae
860 2175 955 2232 usque
970 2163 1005 2217 ad
1022 2173 1144 2220 nostroe

91 2253 176 2309 aliea:
206 2267 282 2306 vera
308 2251 478 2322 dixissem,
505 2253 559 2309 setl
584 2252 673 2308 nimis
702 2261 825 2324 aperte,
852 2261 884 2310 et
909 2251 985 2310 citra
1014 2256 1143 2312 insidias.

90 2345 187 2406 Nunc
201 2345 424 2404 insidiosissime
443 2348 471 2403 ei
489 2347 577 2418 posui
593 2349 751 2418 laqueum,
780 2347 835 2404 aed
858 2361 939 2402 nunc
964 2347 1143 2414 invalidum,
1185 2427 1188 2437 Ι
1240 2431 1243 2436 1
1267 2325 1271 2334 “

92 2440 166 2513 quia
178 2439 232 2494 tibi
250 2441 399 2496 revelatus
407 2481 418 2510 ,
437 2445 518 2513 quod
534 2443 627 2496 timeo
643 2439 715 2496 Dec
735 2455 797 2496 uon
813 2441 1006 2512 placiturum.

159 2534 299 2599 Omitto,
315 2538 401 2608 quod
415 2533 579 2607 Cyprianus
597 2541 711 2602 martyr
727 2534 837 2590 Africa
852 2535 1006 2592 Ecclesiae
1021 2537 1051 2592 in
1071 2553 1144 2595 con.

91 2625 196 2685 cilium
220 2629 367 2697 vocarit,
399 2645 520 2700 semper
543 2630 607 2684 aine
628 2629 791 2686 autoritate
816 2629 947 2686 Romani
967 2629 1145 2699 Pontificis,

91 2739 165 2779 cum
183 2732 283 2778 tamen
299 2735 381 2780 esset
397 2724 435 2780 de
453 2721 591 2780 Ecclesia
609 2722 733 2784 Latina.
756 2731 787 2778 et
802 2722 946 2780 Romanae
964 2725 1143 2780 adhaereret.

89 2819 183 2898 Irlem¹
196 2827 334 2890 tempore
352 2817 511 2888 Augustini
538 2817 678 2880 feceruut
702 2817 824 2889 quidam
848 2817 960 2875 Africae
986 2816 1142 2889 Episcopi.

89 2911 205 2970 Extant
231 2913 392 2984 utriusque
422 2911 579 2970 Pontificia
607 2911 801 2968 testatissima
827 2911 950 2982 scripta.
998 2909 1145 2982 Nunquid

88 3005 200 3062 Eccius
219 3015 269 3062 aut
286 3005 442 3063 Romanus
460 3005 607 3062 Pontifex
625 3023 661 3061 ea
677 3006 790 3078 poterit
805 3011 936 3076 negaret

153 3099 225 3156 Noa
238 3098 383 3157 Germani
398 3109 529 3160 tantum,
547 3110 670 3172 accepto
688 3101 832 3172 imperio,
863 3099 1020 3156 Romanos
1040 3097 1146 3154 Ponti.

88 3194 161 3252 fices
178 3193 390 3262 stabilivimus,
408 3203 551 3266 quantum
569 3193 733 3265 potuimus.
768 3193 841 3250 ldec
860 3196 890 3248 in
906 3209 1025 3266 poenam
1039 3205 1144 3249 rursus

89 3305 140 3345 eos
159 3291 240 3362 passi
256 3304 378 3356 sumus,
404 3290 537 3346 dirarum
554 3297 687 3346 tortores
707 3295 736 3342 et
756 3296 915 3346 vexatores
938 3295 967 3343 et
986 3303 1066 3343 nunc
1082 3279 1147 3360 pal.

89 3383 200 3440 licrum
217 3393 245 3438 et
263 3385 487 3458 episcopatuum
502 3384 709 3440 exhaustores.

157 3477 253 3554 Quod
266 3487 367 3541 autem
380 3479 570 3550 frigidissima
586 3480 706 3538 decreta
724 3479 831 3534 vocavi
841 3518 851 3548 ,
871 3479 939 3536 ideo
968 3477 1044 3547 leci,
1063 3477 1146 3550 quod

88 3575 256 3646 scripturas
275 3570 305 3634 iu
329 3573 409 3639 hanc
431 3589 497 3630 rem
515 3583 682 3645 torquent,
711 3571 784 3627 n'lhil
804 3573 840 3628 da
862 3573 1061 3657 monarchia,
1091 3571 1145 3628 sed

89 3657 281 3744 paatud)‚et
307 3667 365 3727 fide
388 3677 504 3733 tantum
530 3669 702 3742 loquentes.
745 3667 803 3723 Sed
830 3668 911 3736 eiua,
938 3682 1058 3738 queso,
1085 3681 1142 3722 rios

141 3975 172 4023 el
200 3969 302 4020 turta.
325 3969 547 4028 ullust-itt.
568 3970 622 4020 tutti
638 3965 874 4024 itntilitiunnt.

146 4051 179 4098 ri)
208 4051 473 4108 condamina.
520 4091 528 4098 .
