2766 4550
119 249 240 376 “s
460 369 465 396 ,
699 285 827 371 1509?

185 454 190 473 '
289 463 359 522 Abii
378 463 519 537 quidem,
538 461 656 531 latecr,
673 461 736 516 imo
755 477 817 517 uon
838 457 916 530 abii,
934 458 988 516 sed
1008 457 1086 532 apud
1100 465 1134 515 te
1153 447 1274 530 msjttrs

219 574 339 636 semper
361 573 390 614 et
409 569 527 631 potiore
550 559 607 614 mei
627 567 711 629 perte
730 557 853 612 relictus
874 571 959 626 sum,
979 569 1161 631 semperque
1178 555 1273 611 relin-

181 651 185 658 ’
219 673 315 730 quar,
345 658 424 738 quod
445 669 500 722 ego
519 653 598 708 haud
619 651 735 709 facilius
758 659 809 706 aut
828 649 977 708 efficacius
999 663 1172 721 consequar
1192 650 1274 722 apud

217 760 249 808 te
268 753 308 806 ita
328 767 414 816 esse,
432 765 520 820 quam
541 763 581 804 ex
602 745 658 802 lide
676 747 751 810 mei,
772 761 862 818 quam
881 745 925 800 uti
945 745 984 799 de
1000 759 1050 800 ms
1072 745 1134 806 tuis
1152 745 1273 805 meritis

219 855 250 902 et
273 843 426 916 beneflciis
448 846 512 900 sola
539 850 588 898 tua
615 841 796 910 benignitate
822 839 1009 920 concepisti,
1036 838 1083 894 ‚ita
1108 838 1173 896 sine
1203 853 1275 896 rnen

158 997 161 1006 ,
218 939 306 1012 culpa
322 939 465 1007 interire,
483 938 531 992 uel
552 939 641 992 etlam
660 935 753 992 minui
774 951 836 991 nnn
855 933 998 1006 patieris,
1015 933 1094 988 sicut
1116 948 1276 1004 nunquam

120 1081 140 1110 ,ἵ
216 1049 324 1108 passus
352 1031 444 1092 luisti.
480 1030 584 1102 ltaque
608 1031 720 1086 recessi
744 1046 761 1084 ιι
781 1037 812 1085 te
841 1029 959 1099 longius
989 1043 1141 1099 norpcm,
1167 1037 1275 1084 mente

219 1131 318 1184 eutem
338 1127 463 1199 propius
486 1127 622 1196 accessi,
639 1125 788 1206 modone
809 1139 871 1178 aon
897 1121 1000 1190 nolis,¹
1012 1122 1094 1186 sicut
1114 1137 1154 1185 ne
1173 1121 1274 1178 nollet:

218 1222 339 1296 quidem
358 1231 388 1276 te
406 1219 508 1288 nolle,
535 1219 591 1276 nisi
609 1235 659 1274 me
677 1234 746 1292 spes
764 1235 832 1274 men
852 1217 943 1274 sallat.

284 1313 326 1372 Et
344 1328 378 1370 ut
390 1317 425 1370 ad
438 1331 504 1370 rern
517 1314 647 1382 veniam,
665 1331 702 1368 ne
714 1322 798 1368 tunm
815 1311 995 1380 charitatem
1010 1305 1133 1381 diutius,
1152 1312 1191 1366 de
1203 1327 1274 1368 mee

156 1439 158 1446 1
204 1407 275 1468 ,fide
298 1410 501 1477 dubitantem,
531 1399 676 1482 suspicari
702 1421 831 1480 cogerer
859 1402 974 1479 (utque
1000 1406 1115 1476 utinam
1135 1405 1272 1478 suspicio

218 1479 385 1562 secundum
403 1515 541 1560 naturam
563 1519 649 1562 suam
675 1502 715 1560 sit
728 1502 881 1576 »proxima
902 1501 1025 1570 fulco),
1051 1517 1125 1564 ecce
1151 1499 1273 1574 quaqua

217 1599 304 1672 patui
325 1599 467 1662 violentis
491 1600 527 1654 tle
553 1607 747 1670 tortamque
771 1597 863 1654 variis
889 1595 1018 1665 negotiis
1047 1595 1125 1652 meis
1153 1594 1274 1655 furatus

218 1709 286 1750 sum
310 1693 487 1764 particulam
510 1695 677 1766 temporit,
704 1707 763 1764 qua
783 1692 838 1748 has
858 1691 895 1746 ad
913 1700 943 1745 te
964 1688 1132 1748 scriberem
1151 1687 1274 1760 literas,

216 1787 350 1844 maxime
379 1803 454 1844 cum
477 1788 572 1844 nuntii
605 1788 665 1844 rari
696 1785 772 1866 mihi
799 1785 878 1854 sint,
908 1791 1017 1856 atque,
1045 1781 1070 1838 si
1094 1783 1273 1853 lrequentes

218 1881 341 1950 essent„
370 1897 410 1937 ex
439 1882 604 1951 ignorantie
629 1891 661 1937 et
680 1879 877 1938 distractione
899 1879 959 1942 rari
980 1877 1097 1934 fierent.
1132 1877 1175 1934 Et
1198 1880 1272 1952 quid

217 1975 300 2046 aliud
314 1962 363 2031 h'is
381 1973 477 2032 literi's
498 1985 585 2048 putas
607 1993 657 2035 me
676 1974 848 2046 postulare,
877 1972 935 2030 nisi
958 1981 991 2028 ut
1007 1987 1057 2028 me
1076 1975 1272 2030 commende.

111 2057 118 2085 ¹
215 2075 282 2126 tum
298 2071 338 2127 itu
354 2080 466 2140 teneas,
485 2081 519 2126 ut
533 2071 705 2144 suscepisti,
724 2082 814 2142 atque
827 2069 866 2126 de
881 2085 931 2129 me
946 2067 977 2124 id
990 2083 1166 2140 praesumas,
1186 2069 1271 2142 quod
1308 2106 1322 2124 s

215 2179 266 2228 me
288 2165 324 2220 de
342 2175 373 2220 te
401 2166 494 2222 velles
519 2181 712 2238 presumere.
750 2161 890 2220 Licetsin
917 2162 1006 2220 nullis
1033 2161 1087 2218 tibi
1117 2177 1171 2235 par
1201 2179 1271 2220 esse
1375 2213 1376 2242 ,

215 2258 331 2330 possim
356 2250 408 2313 aut
428 2259 538 2328 velim,
567 2277 633 2332 quae
651 2259 837 2326 bonasunt,
864 2265 1105 2328 tamenmngnus
1124 2266 1171 2314 est
1191 2257 1272 2314 inte
1301 2293 1305 2306 ι

215 2353 332 2408 animus
352 2367 459 2442 meus,
488 2353 607 2424 quando
628 2352 701 2407 nihil
720 2352 798 2408 aliud
816 2351 916 2408 habeo
927 2392 938 2424 ,
964 2352 1048 2408 illum
1076 2351 1183 2409 saltem
1206 2369 1270 2410 non

210 2443 275 2527 jem
291 2445 388 2514 dedo,
414 2446 467 2502 sed
487 2446 560 2501 olim
582 2446 686 2516 saepius
705 2445 839 2502 deditum
858 2447 1016 2520 proprium
1039 2445 1118 2514 dico.
1153 2445 1267 2520 Neque

203 2546 263 2622 ρει
284 2540 462 2611 quicquam,
490 2539 573 2612 quod
594 2557 761 2613 generosus
779 2551 849 2602 tuus
873 2542 996 2616 spiritus
1017 2557 1101 2606 ame
1124 2551 1270 2614 expectat
1373 2615 1374 2622 ἵ

215 2630 346 2702 (scio),
372 2650 463 2707 quam
482 2651 548 2706 qnae
569 2645 639 2692 sunt
666 2635 805 2708 spiritus,
832 2637 862 2692 id
887 2645 953 2708 est,
982 2653 1077 2704 unum
1105 2651 1210 2710 sapere
1235 2637 1270 2696 in

213 2725 372 2797 Domino,
396 2736 427 2783 et
444 2745 501 2784 cor
520 2745 614 2786 unum
636 2739 667 2786 et
684 2730 782 2788 anima
803 2747 861 2787 una
877 2732 934 2800 sit,
965 2733 1045 2788 sicut
1062 2749 1122 2788 une
1143 2729 1216 2790 fides
1237 2733 1272 2792 in

212 2819 363 2886 Domino.

284 2913 378 2992 Quod
396 2927 497 2974 autem
514 2919 555 2978 ita
576 2921 687 2976 recessi
710 2923 820 2978 tacitns
839 2921 914 2990 tibi,
940 2937 1001 2978 non
1018 2923 1150 2982 mireris.
1186 2923 1269 2982 Tam

214 3011 295 3068 enirn
318 3013 375 3068 fuit
390 3011 565 3072 subitaneus
582 3029 669 3072 mens
691 3014 866 3105 abscessus,
884 3025 919 3073 ut
938 3031 1015 3089 pene
1033 3033 1120 3075 meos
1141 3019 1271 3076 familia.

210 3123 263 3164 res
279 3107 399 3166 lateret.
435 3107 542 3178 Volui,
570 3111 623 3167 sed
644 3125 707 3165 non
728 3094 812 3182 potui
830 3125 886 3182 per
906 3111 1054 3183 temporis
1082 3123 1113 3168 et
1136 3116 1190 3171 clii
1215 3133 1271 3188 pe.

211 3201 331 3258 nuriam
354 3203 391 3258 ad
411 3209 442 3257 te
464 3205 621 3275 scribere,
639 3204 723 3262 dolui
743 3215 863 3275 autem,
880 3205 944 3262 hcc
971 3206 1050 3262 enim
1075 3210 1178 3279 potui,
1197 3212 1270 3282 quie
1370 3239 1371 3246 ι

211 3303 242 3352 te
260 3297 421 3358 insalutato
443 3295 622 3370 abrumpere
641 3299 775 3369 cogebar
795 3307 932 3371 repente.
966 3297 1039 3356 Sum
1056 3301 1159 3375 itaque
1183 3290 1281 3364 nunc

205 3389 333 3460 jubente
354 3390 403 3446 vel
425 3391 618 3464 permittente
633 3391 705 3450 Dec
719 3393 961 3464 Wittembergas.
990 3393 1128 3470 Quodsi
1149 3407 1267 3457 statum

209 3497 313 3550 meum
340 3501 431 3542 nosse
457 3485 630 3557 desideres,
655 3487 733 3543 bene
756 3489 857 3549 habeo
880 3489 942 3546 Dei
963 3487 1079 3561 gretie,
1104 3491 1162 3550 nisi
1178 3481 1266 3566 quo'd

210 3577 379 3636 violentum
393 3591 439 3636 est
459 3581 610 3650 studium,
629 3582 762 3638 maxime
787 3582 1005 3657 philosophiae,
1031 3601 1122 3658 quam
1143 3603 1200 3658 ego
1224 3589 1263 3647 ab

208 3671 294 3730 initio
312 3671 509 3738 libentissime
526 3675 669 3732 mutarim
693 3676 868 3747 theologia.
894 3694 929 3734 ea
949 3678 1071 3750 inquam
1094 3679 1264 3755 theologie,

194 3770 275 3840 ‘qun
295 3767 437 3824 nucleum
460 3771 546 3829 nucis
566 3781 597 3828 et
617 3755 785 3827 medullam
795 3770 888 3826 tritici
908 3779 939 3825 et
959 3756 1122 3831 medullam
1146 3779 1264 3835 ossium

207 3871 373 3919 scrutatur.
412 3863 471 3920 Sed
492 3864 580 3924 Dens
608 3873 655 3922 est
677 3865 781 3934 Deus3
812 3865 907 3921 homo
930 3881 1030 3938 saepe,
1057 3869 1118 3929 imo
1141 3887 1265 3946 semper

206 3955 343 4012 fallitur'
336 3974 365 4012 m
384 3973 441 4014 suo
459 3959 587 4031 judicic.
622 3959 679 4017 Hic
697 3967 744 4017 est
763 3959 851 4020 Deus
870 3969 993 4034 noster,
1015 3963 1081 4038 ipse
1100 3977 1188 4042 reget
1204 3985 1264 4033 nce

93 4058 99 4072 ’
207 4053 405 4112 insuavitate
424 4053 481 4112 et
472 4071 503 4112 m
521 4053 632 4114 secula.
728 4075 731 4086 ·
