2686 4560
315 83 321 138 J
393 117 396 124 .

277 173 282 182 “
359 170 367 202 l

512 211 689 362 'song
1074 265 1135 332 ιιι
1193 205 1228 258 ³
1299 323 1304 332 .

52 395 229 484 insignem
252 411 418 488 Silvestrini
446 413 900 501 Registriconsummetorem,
949 417 1031 496 errid
1060 427 1136 482 mihi

52 505 247 583 (inquies)
263 506 409 574 insulsum
429 508 520 570 istum
539 521 569 568 et
588 511 750 578 stolidum,
768 512 805 568 de
824 529 885 584 quo
904 512 981 570 berre
1003 519 1136 576 diceres:

53 613 144 662 toto
176 597 241 660 non
266 611 313 658 est
340 620 473 676 corpore
506 605 583 662 mica
609 605 704 664 salis?
729 603 930 679 Respondent
958 621 989 666 et
1012 623 1044 666 tu
1063 613 1135 684 quid

54 699 162 756 illum
183 700 220 756 acl
242 700 438 768 meministi,
464 717 500 754 ac
522 691 583 756 non
601 717 676 758 mox
694 701 833 786 Regnitio
854 711 908 760 tuo
930 713 981 761 nut
1001 705 1136 764 Vulcano

57 795 320 864 commendasti,
345 812 383 848 ne
407 804 454 851 tot
484 795 577 852 horas
600 797 673 852 mihi
700 797 730 852 in
759 812 797 853 eo
822 797 950 866 legendo
974 801 1136 872 perderes,
1191 853 1196 868 ,
1280 839 1282 846 ›

58 905 150 962 qnas
176 889 290 946 melius
310 889 435 946 fuissem
458 892 585 962 partitus
610 891 640 946 in
668 891 773 947 ludum
794 891 923 964 aliquem
945 892 1136 950 circulatoris
1173 899 1176 914 ¹

59 993 125 1045 aut
152 984 481 1060 compunctiunculam,
507 996 541 1042 ut
565 986 610 1042 sic
634 986 710 1042 ltalo
736 987 797 1042 sale
822 990 872 1042 m'e
893 989 991 1060 ipsum
1012 989 1136 1060 saliam,

60 1095 169 1154 quem
191 1080 263 1138 dum
285 1081 508 1153 sterquilinium
534 1059 701 1149 verborum
727 1080 935 1139 verbosissirni
961 1092 991 1138 et
1013 1085 1137 1140 maledi.

61 1173 193 1231 nissimi
206 1171 560 1246 Thomiatae,peilustro‚
587 1175 617 1232 in
632 1167 720 1233 coeno
741 1177 801 1232 isto
818 1193 900 1248 paene
919 1194 1013 1248 pereo
1031 1179 1134 1233 miser.

61 1266 216 1324 Talionis
234 1268 306 1340 juve
326 1285 394 1324 cum
414 1269 543 1342 recipis,
561 1286 599 1324 nc
615 1272 757 1342 deinceps
776 1271 841 1342 ejus
858 1273 978 1342 generis
998 1281 1137 1344 portenta

56 1361 110 1420 'ad
128 1378 181 1418 me
192 1363 301 1424 venire
315 1380 421 1434 cures,
440 1365 523 1436 quasi
539 1382 599 1421 non
615 1366 687 1421 satis
703 1364 814 1422 habeat
830 1366 994 1425 Germania
1007 1367 1137 1436 deliras.

62 1459 152 1514 tium
168 1457 339 1526 Ecciorum
359 1469 390 1515 et
410 1459 610 1520 Entserovum
633 1469 664 1516 et
683 1459 789 1546 infiniti
812 1463 894 1532 vulgi
916 1461 1136 1552 sophistarum.

67 1553 159 1610 Cave
185 1555 339 1626 denique,
369 1571 407 1613 ne
428 1564 458 1610 et
477 1556 568 1614 hoc
560 1571 658 1628 ipsum
681 1559 811 1613 stercus
822 1541 931 1614 Endor
951 1569 1073 1626 regeres
1103 1556 1134 1610 in

65 1663 142 1715 me,
161 1648 273 1721 alioqui
291 1666 346 1722 per
365 1649 460 1721 ipsam
482 1647 723 1706 Catharinianam
743 1651 919 1724 sapientiam
934 1650 1025 1722 J'nro,
1043 1647 1137 1706 toties

65 1743 103 1800 in
122 1751 155 1798 te
172 1743 352 1814 rejicietun,
379 1745 504 1800 donec
496 1761 527 1800 ru
547 1755 578 1801 te
596 1743 711 1798 baereat
729 1743 836 1800 ultimo
855 1752 907 1800 aut
927 1743 1006 1798 inter
1019 1743 1137 1814 jactan-
1181 1749 1183 1756 '

68 1837 148 1892 dum
167 1847 338 1894 evanescet.

143 1929 238 1987 Rides
256 1941 300 1987 et
298 1931 413 2003 J'ocurn
438 1892 614 1990 existimas!
642 1931 762 1988 Utinam
784 1922 820 1987 ut
837 1931 960 1988 ridenda
979 1937 1027 1987 est
1045 1930 1138 2002 hujus
1235 1923 1237 1928 ’

68 2025 143 2084 Itali
163 2023 326 2088 stoliditasa
348 2027 388 2082 ita
409 2025 635 2096 Germanorum
654 2025 755 2084 nullus
774 2027 857 2084 serio
876 2025 968 2082 talis
961 2025 1137 2100 insipientiae

69 2120 256 2190 contagione
275 2121 496 2193 corriperetur.
526 2122 574 2196 pit
591 2135 661 2176 cum
679 2121 830 2178 hacteuus·
844 2119 989 2194 quicquid
1006 2119 1055 2176 vel
1076 2120 1137 2176 lta.
1196 2187 1199 2195 ,

69 2213 121 2270 lite
147 2215 195 2270 vel
219 2214 326 2270 Romae
351 2216 474 2288 nomine
495 2216 684 2287 jactaretur,
714 2213 884 2272 incredibili
909 2221 1048 2287 stupore
1063 2213 1135 2270 loco

69 2309 206 2374 numinis
223 2309 468 2378 adoraverimus,
487 2293 736 2382 idquchomines
755 2309 797 2366 illi
818 2310 938 2380 egregie
959 2307 1087 2365 fastuosi
1106 2317 1137 2366 et

71 2403 263 2475 superciliosi
283 2403 452 2472 sentirent,
478 2403 562 2476 quasi
584 2413 765 2477 perpetuum
790 2403 848 2462 illis
872 2402 1038 2463 Germania
1059 2401 1138 2458 ludi.
1146 2450 1151 2458 .

70 2497 173 2556 briam
193 2499 295 2554 littura
312 2497 369 2556 eit:
395 2497 559 2570 impudenti
577 2495 679 2556 fronte
698 2498 810 2555 audent
828 2485 918 2554 anobis
939 2497 1038 2552 adhuc
1058 2513 1135 2568 quo.

72 2591 148 2650 tidie
164 2591 292 2648 loediora
308 2599 447 2664 portenta
464 2591 648 2663 obtrudere,
674 2594 773 2650 adhuc
792 2591 923 2658 bestias,
951 2590 1049 2644 adbuc
1067 2587 1138 2642 bar.
1184 2601 1187 2608 ⁴

73 2675 186 2756 barca,
203 2686 303 2744 adhuc
330 2695 457 2744 truncos
479 2703 537 2744 nos
557 2703 624 2744 esse
645 2689 710 2744 siue
730 2684 787 2745 line
810 2683 973 2758 somniant.
1009 2675 1135 2737 Interim

75 2781 175 2852 divina
194 2781 385 2854 providentia
410 2783 546 2841 tenebris
572 2777 770 2856 palpabilibus
795 2775 920 2846 obruti,
949 2792 1011 2831 uon
1033 2775 1137 2832 vident
1204 2779 1205 2782 ’

73 2892 145 2936 sese
169 2875 214 2934 bis
241 2875 354 2934 bestiae
376 2875 459 2946 fieri,
487 2877 548 2950 qui
566 2891 637 2930 cum
665 2890 738 2944 rege
760 2889 822 2929 suae
844 2869 1007 2943 Babylonis
1030 2869 1135 2927 tritico

72 2970 181 3044 privati
200 2969 315 3028 loenum
334 2971 415 3028 sicut
435 2970 494 3028 bos
514 2970 690 3026 comedunt.
726 2963 846 3026 Prodiit
870 2965 956 3022 enirn
973 2963 1140 3034 silvester,
1199 2978 1203 2988 ¹

76 3077 114 3128 ιο
132 3065 318 3124 sicutsorex
328 3063 468 3136 mutivit,
488 3055 524 3120 nc
542 3079 617 3120 mox
632 3062 740 3138 periit:
760 3069 885 3120 secutus
906 3069 952 3116 est
974 3059 1136 3132 Cajetanus
1250 3062 1253 3070 '

76 3161 147 3220 illes
171 3169 322 3216 sacratum
347 3158 452 3230 implet
478 3173 640 3215 numerum
668 3157 873 3224 catherinus,
903 3153 1135 3211 Themistarum
1189 3189 1190 3193 =

72 3255 136 3328 jam
151 3233 269 3324 tertius'.
304 3254 343 3310 Hi
365 3253 567 3310 Themisticae
585 3252 727 3312 factionis
749 3235 788 3307 in*
805 3248 888 3306 ltalia
914 3263 1087 3320 proceres,
1118 3263 1135 3302 e

78 3348 183 3422 quibus
197 3350 283 3406 alios
301 3355 414 3406 omnes
436 3349 541 3410 licebit
564 3349 725 3406 aetimare.
770 3345 881 3418 Neque
909 3344 990 3400 enirn
1016 3341 1134 3420 places

43 3507 48 3516 J
78 3445 161 3514 ¹vttlgi
173 3444 323 3517 prodeunt
337 3445 370 3502 hi
391 3442 554 3510 scarabaei,
572 3445 626 3499 sed
643 3429 704 3498 alto
723 3441 761 3498 de
778 3439 922 3510 sanguine
933 3437 1035 3494 Troes
1051 3435 1135 3492 Tro-

75 3537 168 3612 jae'que
192 3549 391 3616 astyanactes.
432 3537 548 3614 Quid·
540 3553 623 3610 ipsos
647 3536 801 3608 Trojanos
834 3531 1090 3618 aestimabimus,
1109 3529 1140 3598 ai

80 3631 151 3700 tales
168 3649 275 3690 eorum
292 3641 363 3690 suut
380 3633 559 3714 Hectores?
672 3681 678 3706 ,

143 3729 207 3784 Hoc
226 3743 302 3784 vero
324 3722 446 3786 unicum
468 3743 568 3800 operae
592 3727 650 3784 luit
672 3724 799 3810 pretium
821 3723 930 3812 legisse
959 3709 1132 3780 sordidissi-

82 3841 195 3882 morum
218 3819 337 3888 libros,
365 3831 400 3877 ut
417 3823 680 3898 intelligeremus,
701 3837 762 3895 quo
786 3819 930 3891 ingenio,
954 3835 1012 3891 qua
1033 3815 1133 3872 erudi.

84 3921 175 3988 tione,
206 3935 265 3990 qua
287 3915 435 3973 modestia
448 3955 459 3986 ,
494 3925 553 3990 qua
577 3917 707 3992 denique
726 3917 913 3973 humanitate
936 3913 976 3970 illi
996 3925 1053 3967 nos
1075 3909 1132 3966 sibi

85 4014 187 4071 bestias
211 4012 466 4084 comparaverint.
507 4011 588 4073 Nam
612 4011 695 4068 hunc
722 4011 919 4078 Catlrarinum
953 4003 1033 4061 nulla
1068 4006 1133 4060 lero

1305 4025 1326 4106 l

1265 3929 1309 4034 l
