2760 4556
496 341 506 372 ι
545 311 549 318 ·
584 285 704 370 151ss
1029 401 1034 414 ἢ
1099 307 1160 373 sss

103 437 279 533 soelorum,
298 477 365 536 quta
383 469 451 520 sunt
468 461 573 520 merita
590 461 704 520 Christi
721 459 765 527 (id
784 471 848 530 est,
868 461 1028 520 demerito
1043 463 1157 523 Christi
1183 459 1192 522 ⁶.

100 558 248 626 donatae)
276 559 439 629 improprie
466 570 496 613 et
526 557 683 625 effectius,
707 557 836 612 utdtxi:
867 565 897 613 et
921 559 1047 612 alterum
1072 561 1157 622 verbi

100 653 285 710 thesaurum
296 690 306 720 ,
325 653 361 706 de
380 669 441 724 quo
461 653 546 708 dicit:
564 650 679 720 Pasce,
701 665 808 724 pasce,
828 669 915 722 pasce
939 668 1013 708 oves
1031 669 1124 710 meas.

181 747 318 822 Quinto,
342 747 421 802 hanc
444 758 543 800 autem
566 745 699 801 thesauri
724 745 971 812 indulgentiarum
994 735 1160 817 intelligen.

101 841 182 898 tiara
202 857 320 896 certum
337 849 384 896 est
403 831 477 896 esse¹
489 840 671 910 incognitam
689 841 763 923 apud
781 841 923 912 populum
939 839 1050 896 Christi
1068 855 1098 897 et
1116 841 1161 896 in.
1223 911 1226 918 γ

103 937 316 999 nominatam,
335 946 368 990 ut
387 933 459 990 dicit
479 934 635 990 conclusio
651 934 715 1004 56„
738 909 811 1005 ’aquia
832 951 902 988 vere
919 951 979 990 non
1001 936 1161 1004 dicuntur,

100 1029 163 1084 nisi
187 1029 352 1100 impropria
383 1037 413 1084 et
441 1027 570 1084 obscura
600 1029 649 1084 illa
674 1029 816 1096 nomina,
845 1028 1024 1096 thesaurus,
1055 1030 1162 1085 merita

103 1122 223 1180 Christi
242 1133 303 1179 etc.
321 1123 395 1178 Ideo
413 1122 476 1178 lere
493 1124 635 1192 credunt,
653 1137 719 1181 sess
739 1123 852 1180 bonurn
868 1123 987 1194 aliquod
1005 1126 1161 1196 proprium

102 1225 141 1273 et
169 1217 335 1286 positivum
363 1217 527 1288 consequi,
547 1218 635 1274 sicut
662 1220 775 1276 donum
799 1219 918 1288 aliquod
946 1229 994 1272 aut
1017 1219 1162 1287 gratiatur

105 1325 179 1366 cum
201 1321 305 1368 tamen
325 1327 387 1366 nort
404 1321 627 1382 consequantur
643 1313 698 1368 nisi
722 1313 920 1368 ministerium
933 1311 1087 1382 clavium,
1099 1328 1162 1384 quo

105 1407 290 1474 solvuntur,
316 1423 355 1460 ne
383 1407 566 1462 satisfaciant
591 1411 647 1478 pro
673 1409 823 1478 peccatis,
853 1420 888 1458 ac
913 1405 958 1460 sic
981 1406 1166 1481 privativum*

103 1497 224 1554 bonum
250 1501 401 1572 accipiunt
424 1509 454 1556 et
471 1503 668 1581 improprium
688 1501 872 1557 thesaurum.
914 1498 954 1554 Et
974 1500 1023 1555 ille
1048 1509 1093 1554 cst
1117 1501 1162 1554 in.

110 1592 281 1650 exhaustus
308 1603 339 1648 et
362 1594 513 1663 infinitus,
544 1597 611 1668 quia
632 1595 729 1650 virtus
749 1593 879 1650 clavium
900 1605 946 1650 est
967 1595 1163 1664 inexhausta,

108 1705 177 1758 quat
194 1690 306 1744 merito
328 1689 441 1746 Christi
465 1691 633 1748 immediate
651 1689 772 1756 nititur,
801 1683 987 1755 indulgentias
1009 1705 1083 1745 vero
1101 1705 1164 1746 me.

108 1781 197 1836 diate.
233 1783 280 1838 Ac
301 1782 369 1838 ideo
388 1791 487 1856 potest
503 1785 592 1841 etiam
611 1785 815 1852 dici,.urerita
833 1782 946 1840 Christi
963 1797 1029 1839 esse
1043 1783 1165 1840 thesau.

110 1889 181 1928 rum
202 1875 453 1944 indulgentiarum
475 1877 614 1933 mediate.

182 1969 294 2038 Sexto,
312 1969 451 2026 similiter
463 1972 652 2027 admitterent
665 1971 770 2041 etiarn,
786 1971 892 2026 merita
907 1979 1082 2027 sanctorum
1098 1987 1165 2027 esse

110 2062 196 2118 hunc
221 2064 419 2132 thesaurum,
453 2066 570 2122 scilicet
596 2065 775 2137 improprie,
809 2065 837 2119 id
862 2075 927 2132 eat,
958 2067 1039 2134 quod
1059 2065 1167 2122 merita

110 2165 291 2213 sanctorum
314 2175 369 2230 per
396 2158 484 2214 fldem
509 2143 633 2214 Christi
651 2159 842 2231 incorporata
864 2173 894 2214 et
914 2173 1006 2214 unum
1030 2173 1098 2214 cunt
1122 2161 1165 2216 eis

111 2249 197 2304 lacta
214 2251 278 2322 jam
298 2253 377 2308 idem
401 2253 461 2308 sint
487 2261 518 2309 et
539 2252 665 2322 iaciant,
686 2251 766 2324 quod
790 2255 897 2309 merita
923 2249 1055 2308 Christi:
1076 2251 1166 2323 juxta

111 2343 214 2412 illud,
235 2346 315 2416 quod
335 2346 396 2402 vita
410 2347 485 2418 justi
506 2363 568 2402 oon
590 2357 635 2402 est
656 2346 766 2418 ipsius,
796 2348 849 2402 aed
873 2345 987 2402 Christi
1012 2347 1042 2401 io
1061 2361 1099 2419 eo
1122 2347 1167 2402 si.

112 2439 229 2494 ventis.
264 2437 430 2496 Galama:
447 2441 513 2496 uiuo
532 2453 603 2515 eqo,
619 2455 681 2495 non
698 2457 770 2515 eqo,
789 2441 950 2496 vivituro
964 2440 997 2495 irs
1015 2455 1063 2494 me
1080 2438 1167 2494 curi.

111 2537 193 2590 slus.
228 2531 307 2588 Nam
323 2535 430 2589 merita
448 2545 642 2604 sanctorum,
660 2543 694 2589 ut
708 2545 901 2601 sanctorum,
919 2533 991 2590 nihil
1013 2519 1113 2590 esseut
1135 2543 1168 2590 et

113 2627 311 2698 damnabilia,
330 2639 365 2682 ut
382 2645 472 2700 supra
488 2631 550 2686 dixi
561 2668 572 2698 ,
588 2638 622 2685 ut
644 2627 677 2684 ii.
698 2629 899 2698 Augustinus:
928 2627 985 2682 Ubi
1012 2642 1073 2684 non
1092 2644 1165 2696 egos

112 2717 160 2776 ibi
188 2720 304 2778 felicius
327 2737 408 2792 ego:
439 2709 507 2795 quis
539 2721 678 2779 Christus
711 2729 750 2778 et·
771 2721 909 2779 Ecclesia
933 2731 1002 2778 sunt
1021 2723 1106 2789 duo,
1136 2723 1167 2776 in
1238 2711 1243 2722 '

115 2831 295 2872 carneuna.
711 2833 714 2840 ’
995 2829 997 2834 ’

186 2909 336 2982 Septimo,
354 2912 544 2969 verissimum
564 2921 663 2970 tamen
683 2922 743 2984 est,
762 2912 869 2970 merita
883 2909 997 2968 Christi
1018 2927 1078 2966 non
1100 2925 1167 2966 esse

115 3003 297 3060 thesaurum
317 3006 590 3080 indulgentiarum,
606 3010 758 3079 positive,
785 3007 908 3080 proprie
925 3017 955 3061 et
977 3005 1168 3073 immediate,

116 3107 152 3158 ut
173 3101 283 3172 aliquid
306 3101 482 3168 conferant,
502 3103 581 3170 sicut
599 3103 769 3174 intelligunt
786 3103 943 3172 rudiores,
961 3101 1030 3174 quia
1049 3100 1168 3174 quando
1274 3160 1279 3168 ,

117 3194 282 3250 conserunt
303 3196 413 3254 donum
433 3198 615 3269 positivum,
643 3199 756 3254 iaciunt
777 3197 822 3266 id,
839 3200 901 3254 noo
922 3206 959 3251 us
980 3193 1169 3262 indulgentias

117 3287 297 3357 thesaurus,
323 3289 375 3344 sed
396 3297 428 3346 ut
448 3293 548 3360 gratias
568 3292 665 3348 vitalis
688 3291 857 3348 thesaurus.
894 3289 984 3346 Tunc
1006 3290 1086 3343 enim
1096 3288 1170 3342 dor.

117 3381 254 3451 maliter,
273 3385 415 3456 proprie,
434 3385 605 3442 immediate
625 3385 774 3442 donantur
794 3386 858 3441 sine
874 3383 1029 3450 clavibus,
1047 3382 1111 3438 sine
1127 3381 1172 3436 in.

119 3477 281 3546 dulgentiis
300 3494 316 3531 a
335 3477 402 3534 solo
422 3481 528 3553 spiritu
550 3491 676 3550 sancto,
702 3495 764 3535 non
783 3489 883 3534 autem
902 3492 1034 3550 unquam
1050 3491 1065 3529 a
1079 3475 1171 3550 Papa.

120 3570 201 3646 Quia
219 3586 275 3644 per
291 3565 471 3630 charitatem
487 3575 580 3634 horno
598 3573 630 3631 lit
650 3585 727 3632 uuus
745 3589 816 3630 cum
832 3572 975 3628 Christo:
994 3571 1062 3628 ideo
1081 3571 1172 3644 parti.
1245 3617 1248 3628 .

120 3667 200 3737 cipat
219 3667 362 3722 omuibus
382 3668 471 3726 honis
495 3669 569 3740 ejus.
605 3667 646 3725 Et
664 3670 725 3727 hoc
745 3678 810 3740 est,
829 3669 910 3741 quod
928 3683 994 3723 mea
1014 3656 1171 3724 cor'tslusio

119 3761 164 3818 68.
183 3739 274 3817 dicii:
301 3777 359 3818 nec
375 3773 447 3820 sunt
466 3765 573 3819 marita
593 3763 725 3834 Christi,
745 3764 815 3836 quia
832 3764 898 3818 haec
917 3763 981 3818 sioe
998 3761 1079 3834 Papa
1100 3777 1173 3832 opo·
1233 3812 1237 3821 .

120 3865 226 3911 rantur
245 3858 370 3926 gratiam
388 3857 519 3914 hominis
539 3859 702 3916 interioris.
721 3845 724 3855 Δ
942 3833 948 3852 ⁸

188 3951 454 4036 Breviter'itnque
473 3961 572 4023 patet,
601 3955 810 4038 quod-merita
839 3936 954 4013 Christi
976 3965 1100 4008 necesse
1128 3956 1175 4002 ast

122 4045 282 4118 dupliciter
300 4047 394 4126 accipi
403 4051 420 4118 ,'
432 4049 457 4105 si
475 4049 556 4104 salsa
570 4049 660 4107 debet
676 4033 884 4120 Extravag'aus
907 4049 1092 4106 consistere:
1113 4057 1173 4096 uno
1210 4087 1213 4104 .

123 4151 139 4185 ,
913 4153 918 4163 ,
