2686 4558
544 282 633 348 1520.
1057 285 1123 354 503

121 437 174 496 Et
208 394 314 503 faleor,
341 436 400 494 iaso
424 436 587 493 occasione
609 453 671 494 non
699 436 805 508 parum
822 437 998 500 venissetsd
1023 441 1146 500 lucens·

30 533 273 590 Romanarum
300 529 562 628 corruptelarum,
588 531 641 591 sed
663 531 694 586 in
714 545 792 603 qua,
818 533 842 588 si
868 535 941 604 quid
962 546 1122 607 peceatum

35 621 122 698 ῆι,
151 626 245 684 Eccii
267 627 354 697 culpo
373 635 437 694 est,
454 627 515 713 ‚qui
534 637 613 682 onus
631 641 721 698 auprs
741 627 822 682 vires
846 629 1029 701 suscipiens,
1049 632 1123 690 dum

35 723 188 792 glorium
211 737 297 779 saum
315 722 428 778 furiose
448 729 565 792 caput,
583 720 777 790 ignominiam
789 720 959 780 Romanam
978 725 1009 780 in
1022 735 1120 784 totum

37 815 170 872 orbem
191 816 318 872 revelat.
419 817 422 828 ’
1020 889 1023 901 Ι
1148 863 1153 870 ,

118 910 185 966 Hic
207 919 253 965 est
271 909 321 965 iile
339 909 437 966 hostis
454 917 547 978 tuns,
567 909 608 967 mi
627 909 711 974 Leo,
730 923 786 969 seu
801 909 904 982 potius
923 912 1020 970 Curis
1038 921 1118 971 tuse:
1166 955 1169 960 -

40 1003 149 1072 hujus
176 1003 267 1060 unius
290 1003 430 1075 exemplo
455 1005 574 1062 discere
599 1006 785 1078 possumus,
813 1021 876 1060 non
900 1021 970 1064 esse
992 1005 1117 1064 hostem

40 1097 217 1154 adulatore
234 1098 456 1154 nocentiorem.
491 1097 573 1171 Quid
595 1099 675 1155 enim
688 1113 742 1154 sua
760 1097 930 1156 adulatione
948 1103 1117 1178 promovit,

39 1193 108 1248 nisi
133 1192 273 1261 malum,
291 1193 372 1264 quod
392 1194 489 1250 nullus
505 1201 610 1264 regum
625 1207 809 1265 promovere
824 1193 996 1264 potuisset?
1019 1193 1119 1250 Foetet

42 1287 136 1340 enim
148 1285 246 1345 hodie
257 1271 406 1358 nomenh)
417 1287 670 1368 Romsnn.(2uriss
681 1285 813 1366 inorbo,
829 1294 862 1342 et
871 1285 991 1356 languet
1006 1287 1118 1358 papulis
1210 1303 1217 1308 ·
1275 1287 1286 1308 '

44 1380 225 1449 autoritas,
253 1381 367 1436 lamosn
387 1371 505 1438 inscitia
522 1381 600 1438 male
617 1381 718 1449 asrdit,
745 1395 878 1454 quornm
895 1381 1012 1437 nullum
1034 1381 1119 1438 audi.
1171 1389 1172 1396 ’

44 1489 182 1544 remus,
203 1475 234 1530 si
260 1473 373 1532 Eccius
400 1475 500 1533 Caroli
527 1483 558 1532 et
581 1491 687 1532 meum
710 1475 748 1530 do
772 1490 846 1546 pace
872 1475 1031 1531 consilium
1052 1489 1115 1535 oon

46 1567 227 1624 turbasset:
245 1567 275 1624 id
297 1561 379 1641 quod
397 1587 457 1626 non
478 1568 611 1627 obscure
632 1579 664 1626 et
683 1570 746 1642 ipse
769 1569 881 1638 sentit,
906 1583 977 1626 sero
999 1568 1116 1626 etism
1189 1645 1194 1656 ,
1270 1583 1277 1600 ¹

47 1671 116 1716 stra
132 1661 306 1732 indignatus
325 1664 357 1720 in
376 1663 548 1720 libellorum
565 1677 709 1722 meorum
722 1663 897 1720 editionem.
934 1663 1003 1718 Hoc
1022 1662 1115 1719 debe.

48 1753 105 1811 bat
120 1765 189 1812 tum
201 1757 353 1828 cogitare,
371 1775 441 1814 cum
461 1769 545 1816 totus
563 1759 754 1830 ingloriam,
772 1758 852 1814 sicut
866 1757 1007 1814 hinniens
1023 1757 1112 1820 emis.

50 1849 173 1918 sarius,
199 1851 360 1920 insaniret,
388 1868 486 1923 neque
514 1851 587 1920 alis,
612 1869 700 1924 quam
727 1868 781 1910 sua
803 1852 833 1908 iu
857 1861 906 1920 te,
934 1861 989 1906 tuo
1011 1859 1113 1906 tamen

51 1945 191 2001 maximo
220 1945 379 2015 periculo,
413 1956 573 2018 quareret.
614 1945 758 2018 Sperabat
787 1945 884 2002 homo
911 1944 1113 2006 ascissimuss·

50 2037 104 2093 ιιι
131 2039 293 2096 formidine
317 2041 447 2096 nominis
475 2042 519 2098 tui
538 2055 697 2098 cessurum
715 2050 747 2095 et
766 2039 930 2094 taciturum
954 2037 1051 2108 ¹(nam
1073 2037 1111 2094 dc

52 2132 175 2201 ingenie
200 2139 231 2193 et
251 2133 420 2190 eruditione
442 2153 504 2191 non
527 2135 620 2190 credo
649 2133 733 2206 quod
755 2117 1005 2204 presumserit):‘
1027 2147 1110 2188 nunc

53 2242 123 2283 cum
149 2227 242 2285 nimio
271 2245 320 2284 me
344 2227 497 2286 confidere
521 2238 553 2286 st
573 2243 681 2286 souare
701 2227 819 2296 rident,
847 2242 916 2284 sera
934 2225 1110 2300 peculantis
1167 2243 1168 2247 ¹

51 2320 231 2378 temeritatis
246 2337 325 2392 susa,
347 2323 483 2393 intelligit
498 2323 610 2382 sesnin
621 2321 727 2390 coelo,
745 2321 806 2394 qui
817 2319 957 2394 superbis
974 2319 1135 2390 resisus„

52 2425 86 2471 st
102 2425 318 2507 praesumentes
335 2417 492 2487 humiliet,
509 2419 535 2475 si
553 2427 653 2474 tamen
668 2415 820 2486 iutelligit·

120 2511 203 2568 Nihil
224 2511 326 2581 itaque
347 2512 407 2568 bac
424 2513 626 2585 disputatione
649 2508 901 2598 promoventibus
921 2510 1031 2578 nobis,
1049 2509 1113 2566 nisi

52 2607 200 2676 majorem
224 2601 436 2664 conluuionem
461 2607 605 2664 Romanas
631 2623 749 2674 ceusu,
775 2606 840 2676 jam
863 2602 956 2660 tertio
979 2601 1107 2664 Carolus
1166 2651 1172 2672 ,

52 2697 194 2756 Miltitins
212 2699 320 2757 Patres
338 2701 451 2758 ordinis
469 2701 600 2775 capitulo
620 2708 821 2770 congregatos
845 2697 906 2752 adit
916 2735 927 2772 ‚
944 2695 1108 2753 consilium

54 2793 131 2865 petit
146 2796 357 2866 componendae
376 2811 492 2864 osusc,
512 2813 577 2868 quas
587 2796 651 2866 J'sm
670 2791 922 2849 disturbatiasinss
938 2799 970 2846 et
986 2790 1107 2862 pericu.

55 2883 198 2943 losissima
219 2897 311 2946 essct.
336 2889 505 2946 Mittuntur
526 2890 602 2947 hine·
617 2886 653 2946 ad
673 2903 747 2957 rue,
773 2900 843 2940 cum
868 2881 984 2944 viribus
1004 2885 1035 2942 in
1054 2901 1106 2942 rue
1136 2915 1138 2921 ι

59 2980 147 3045 (Deo
167 2966 320 3054 propitio)
345 3000 408 3042 non
421 2985 473 3056 psit
491 2997 562 3055 spes
582 2980 756 3050 pressanti,
784 2979 901 3051 aliquot
918 2978 1105 3038 celebriores

59 3073 192 3144 exiliis,
222 3077 419 3148 misserunt,
444 3085 478 3132 ut
501 3056 609 3133 salceio
632 3087 693 3132 tans
716 3073 916 3138 Bestitddinis
941 3087 1104 3147 personam
1206 3134 1210 3152 ,

58 3167 217 3232 bonorem,
238 3180 268 3228 et
284 3170 381 3226 literis
398 3169 575 3228 humilitatis
591 3183 738 3228 excusem
754 3168 958 3230 innocentiam
973 3173 1004 3226 et
1019 3174 1104 3222 tuam
1184 3185 1193 3198 ·

59 3271 89 3318 et
111 3279 218 3333 meam:
246 3279 312 3320 esse
344 3263 443 3352 adbuc
471 3280 538 3320 ram
564 3283 627 3324 noo
640 3265 687 3332 rin
714 3273 857 3323 extremo
884 3257 1103 3333 desperationis

58 3355 141 3427 luco,
165 3358 187 3414 si
204 3357 270 3414 Leo
288 3359 327 3418 X.
345 3375 403 3430 pro
421 3375 476 3418 sua
495 3360 594 3417 innata
613 3359 750 3416 bonitate
770 3373 892 3420 manum
913 3357 1104 3422 admoveret.
1160 3389 1167 3396 ·

59 3449 115 3506 llic
134 3467 200 3521 ego,
217 3454 278 3524 qui'
291 3468 411 3526 semper
431 3470 538 3530 pscem
558 3462 589 3510 et
603 3452 700 3512 obtuli
719 3458 750 3510 et
767 3434 887 3526 optavi,
906 3460 941 3508 ut
959 3451 1104 3522 placidio.
1205 3491 1208 3498 ,

60 3544 138 3601 ribus
162 3555 188 3601 et
204 3547 380 3610 utilioribus
398 3547 506 3606 studiis
526 3549 727 3620 inservirem,
753 3562 824 3604 cnm
844 3554 877 3602 et
900 3544 931 3602 in
947 3544 1011 3602 boc
1035 3545 1103 3618 ipso

62 3647 168 3696 tantum
188 3641 301 3713 spiritu
327 3642 384 3699 sim
409 3641 631 3716 tumultustus,
657 3652 693 3701 ut
718 3661 800 3715 eos,
826 3659 905 3718 quos
925 3640 1003 3724 mihi
1033 3641 1103 3698 len.

64 3734 172 3802 gissime
195 3735 326 3809 impares
348 3751 416 3794 csso
439 3737 596 3805 videbam,
621 3739 830 3809 magnitudine
850 3747 882 3822 et
900 3738 1017 3809 impetu
1037 3743 1101 3792 tatu

110 4017 140 4072 ll
164 4000 261 4071 surii.
279 4016 350 4072 lleiut
368 4025 421 4072 cnr.
438 4011 562 4098 ιιιιιιρῑῗ,
