2766 4550
249 298 290 396 at
418 302 420 314 ·
691 249 695 270 '
732 289 821 372 1516.
850 319 856 348 .-
968 237 974 245 ’

247 473 304 528 ego
319 471 374 528 per
390 430 521 512 uenena
535 440 635 521 istim,
652 450 683 506 ni
695 450 789 524 pestis
800 447 978 517 intercedat,
995 447 1169 506 tricesimas
1180 454 1305 524 sentos,⁴

246 561 297 605 aut
317 549 405 605 etiam
426 547 683 624 quadragesimus,
703 545 726 600 si
742 545 880 600 venerint
895 559 1012 614 omnes,
1031 545 1082 616 qui
1097 552 1166 599 aunt
1179 541 1301 612 signati.

234 641 363 699 =Videris
381 640 453 698 mihi
470 640 600 694 rnultum
617 637 764 694 imbibere
786 637 952 692 diffidentius
971 647 1002 692 et
1022 635 1219 710 proprietatis
1239 633 1301 692 Er.

244 735 404 798 furdinoae,
428 734 514 806 quasi
529 732 615 798 Dous
634 731 863 803 possituros,
889 741 922 786 ut
941 749 1003 787 non
1021 739 1124 804 paseat
1142 731 1234 786 etiam
1254 731 1302 786 iu.

245 841 365 902 gratos,
396 837 504 884 et.nou
525 835 627 884 servet
645 827 735 882 stiam
753 829 866 882 servari
885 827 1033 883 nolentes.

310 923 432 980 Deinde
448 921 489 978 ita
502 921 659 993 proprium
674 920 727 975 tibi
744 921 824 976 istud
837 921 1054 977 monasterium
1070 919 1156 987 iacis,
1174 927 1211 975 ut
1222 919 1300 976 alios

242 1017 382 1074 nominee
403 1016 596 1084 alienigenas,
622 1023 653 1070 et
676 1015 800 1072 suadeas
821 1015 915 1084 mihi,
941 1025 977 1069 ut
993 1025 1097 1070 tecum
1110 1015 1217 1084 juvem
1233 1029 1300 1069 ma.
1324 1007 1335 1018 '

164 1109 167 1116 '
243 1123 323 1170 trem
337 1127 447 1190 meam.
483 1103 559 1181 Quas
577 1120 624 1166 eat
640 1119 737 1168 mater
754 1125 821 1174 anca
839 1121 871 1183 et
885 1111 957 1167 tua?
974 1109 1051 1176 vide
1066 1109 1186 1181 itaque,
1204 1123 1299 1181 quam
1325 1093 1328 1100 Α

225 1191 284 1267 'sis
299 1208 392 1282 iniqui
409 1206 483 1270 zali,
499 1214 533 1260 ut
554 1205 736 1260 detrimento
756 1214 810 1260 tuo
829 1180 902 1260 bui‘c
917 1203 1034 1260 servire
1046 1195 1142 1272 belis,
1160 1201 1202 1257 illi
1219 1219 1296 1258 vero

242 1319 299 1360 neo
325 1304 413 1359 lucro
434 1311 499 1357 tuo.
535 1297 615 1356 Cave
634 1299 751 1372 itaque,
779 1308 814 1354 ut
830 1299 921 1372 juxte
936 1295 1103 1354 Taolerum
1120 1307 1208 1354 tuum
1225 1314 1298 1370 per.

245 1413 386 1464 sereres,
405 1393 578 1465 segregatus
594 1395 758 1465 utrinque,
775 1402 806 1450 et
821 1393 992 1450 communis
1009 1392 1104 1447 horno
1125 1393 1161 1447 ad
1180 1391 1296 1462 omnia,

242 1491 322 1554 sicut
337 1493 425 1547 decet
441 1485 610 1556 communis
630 1487 708 1556 Dei,
733 1489 903 1545 communis
917 1485 1063 1544 Ecclesiae
1081 1485 1185 1542 lilium.
1222 1484 1297 1541 Fra.

242 1592 321 1640 trem
346 1583 520 1640 Johannem
538 1581 688 1638 Metzeler
710 1583 789 1638 dabo
811 1583 883 1646 tibi,
911 1582 964 1640 ubi
981 1583 1161 1640 intellexero
1186 1597 1294 1638 oerore
1334 1577 1345 1598 ‘

243 1695 334 1749 posse
353 1679 405 1736 illo
423 1677 615 1734 lelebieuses.

227 1765 230 1770 ’
310 1772 361 1828 De
380 1772 531 1846 positione
544 1787 623 1840 men,
640 1769 703 1826 1'mo
718 1769 932 1830 Bartholomaei
944 1769 1197 1840 Felallrirohen*)‚
1215 1769 1293 1826 nihil
1362 1773 1363 1784 ¹

238 1875 289 1924 est
309 1865 391 1938 quod
408 1865 557 1921 mirentur
574 1864 616 1919 tui
636 1863 844 1934 Gabrielistae,
873 1883 945 1922 cum
966 1876 997 1922 et
1016 1867 1075 1922 mei
1090 1866 1292 1922 vehementer

240 1961 401 2032 hucusque
420 1959 579 2015 enitentur.
614 1957 655 2015 Et
677 1960 798 2030 quidem
819 1958 931 2031 positio
953 1961 1016 2042 ipsa
1035 1975 1075 2015 ex
1090 1975 1139 2015 me
1160 1975 1223 2014 non
1242 1967 1292 2015 est
1362 1941 1363 1958 ¹

239 2055 337 2125 iacta,
355 2055 408 2110 sed
424 2053 475 2109 M.
488 2052 729 2110 Bartholomaeus
742 2071 808 2110 enm
820 2056 867 2110 sic
878 2053 1038 2124 conflavit,
1056 2053 1170 2110 scilicet
1183 2062 1290 2109 motus
1362 2081 1363 2110 l

240 2147 461 2204 oblatratorum
487 2147 654 2202 lectionum
675 2164 810 2203 mearum
831 2149 956 2218 garritu.
1002 2149 1104 2220 Itaque
1133 2147 1222 2212 iecit,
1253 2157 1291 2204 ut

239 2240 329 2296 etiam
349 2239 481 2311 (praeter
501 2241 656 2309 ordinem,
682 2255 733 2296 me
749 2243 947 2314 prosiliente)
965 2241 1085 2314 publice
1104 2242 1169 2298 haec
1187 2241 1291 2298 disou.

129 2344 139 2359 e
173 2375 179 2382 ,
237 2341 377 2386 terentnr
395 2333 431 2388 ad
452 2331 670 2390 obstruendum
687 2351 740 2390 ora
757 2337 967 2406 garrientium,
986 2337 1035 2391 vel
1054 2337 1090 2392 ad
1107 2337 1288 2392 audiendum

144 2489 149 2498 ¹
232 2425 379 2496 judicium
398 2425 535 2482 aliorum.
563 2423 629 2497 Ego
645 2444 716 2484 sane
727 2427 848 2498 gravius
862 2429 973 2488 offendi
991 2447 1114 2500 omncs,
1133 2431 1217 2502 quod
1233 2449 1288 2492 ue.

236 2520 303 2588 gari
330 2517 442 2574 librum
468 2519 600 2577 devera
621 2533 652 2602 et
679 2523 753 2580 falsa
782 2526 955 2596 paenitentia
970 2541 1035 2582 esee
1057 2525 1093 2582 B.
1115 2527 1286 2596 Augustini.

233 2609 293 2668 Est
310 2614 390 2668 euim
406 2615 621 2672 insulsissimus
633 2624 673 2672 *et
689 2619 909 2692 ineptissimus,
927 2629 958 2676 et
977 2619 1051 2677 nibil
1069 2619 1107 2674 ab
1125 2621 1286 2691 Augustini

234 2706 403 2762 eruditione
423 2717 453 2763 et
468 2723 558 2765 sensu
579 2709 737 2770 remotius.
774 2711 867 2786 Quod
888 2716 967 2770 enim
985 2714 1148 2772 Gratianus
1167 2725 1198 2771 et
1214 2714 1286 2772 Me.

231 2802 325 2870 nister
338 2803 553 2860 sententiarum
571 2807 697 2877 plurima
715 2797 759 2866 α’
771 2810 995 2884 illo:ccperint,
1024 2821 1056 2867 et
1077 2811 1284 2868 conscientia.
1361 2861 1362 2872 ,

232 2909 301 2949 rum
317 2911 378 2952 non
396 2898 597 2969 medicinam,
615 2902 668 2958 sed
684 2904 886 2960 carnificinam
904 2905 1120 2975 confleverint,
1137 2887 1282 2964 sciebam.
1361 2951 1362 2964 r

230 2990 273 3044 Aa
286 2989 354 3047 illos
375 2991 602 3064 implacabiliter
622 2997 763 3068 offendit,
787 3001 937 3072 praecipue
959 2999 1132 3056 Ductorem
1152 2999 1284 3057 Carista.
1361 2995 1362 3052 ζ

232 3081 333 3154 dium,
362 3086 444 3158 quod
467 3088 533 3143 haec
559 3090 658 3161 acleus
686 3107 797 3161 negare
822 3095 955 3150 audeam.
989 3093 1094 3151 Dicito
1119 3111 1193 3166 ergo
1217 3097 1282 3152 istis
1361 3119 1362 3142 l

181 3219 185 3228 ,
230 3175 413 3233 mirabundis
426 3189 476 3234 aut
493 3183 594 3251 potius
607 3184 793 3244 mirabilibus
806 3187 975 3258 theologis,
994 3205 1115 3245 mecum
1134 3207 1196 3246 nou
1212 3205 1280 3246 esso

148 3337 152 3344 Ι
230 3269 458 3341 disputandum,
477 3289 514 3328 an
531 3275 656 3333 Gabriel
674 3281 755 3350 haec,
774 3299 810 3338 ara
830 3283 964 3355 Rapbael
981 3286 1053 3353 ista,
1073 3295 1123 3339 aut
1142 3267 1299 3340 Micbael‘

177 3445 181 3450 1
230 3362 286 3419 ista
305 3367 392 3422 dicat.
429 3367 521 3438 Scio,
549 3372 619 3442 quid
647 3372 770 3430 Gabriel
790 3377 884 3446 dicat,
912 3377 1031 3435 scilicet
1054 3379 1154 3434 omnia
1179 3378 1278 3448 bene,

227 3467 426 3530 praeterquam
448 3460 499 3518 nbi
519 3465 557 3518 de
579 3465 691 3536 gratia,
714 3469 881 3539 chamanto,
905 3485 973 3544 spe,
1004 3471 1081 3543 fide,
1109 3471 1278 3530 virtutibus

229 3548 317 3606 dicit:
347 3554 399 3610 ubi
416 3573 555 3614 oumsuo
575 3559 683 3631 Scoto,
708 3577 851 3634 quantam
867 3559 1044 3637 pelagium,
1070 3561 1132 3624 nou
1150 3575 1213 3639 est,
1243 3575 1278 3624 ut

228 3655 284 3713 per
301 3644 403 3704 literas
422 3668 501 3708 nunc
520 3655 683 3725 proteram.
997 3675 1002 3682 ·

226 3819 750 3852 Μ

276 3946 304 3998 *l
324 3945 411 4000 narrt.
433 3947 522 4006 metni.
537 3957 584 4000 tan
605 3955 766 4011 uertendum
783 3961 821 4008 tiu
835 3961 935 4014 &diter
958 3967 1275 4026 annuntiabantur
1360 3953 1361 4028 l

219 4025 352 4092 peninar
370 4035 408 4084 tte
423 4037 486 4090 etilo
501 4039 539 4086 lat
554 4039 593 4092 sat
607 4045 677 4094 uuirt
687 4047 730 4094 ten
745 4049 911 4106 coenantium
926 4055 1260 4112 sermocinationum.
1360 4047 1361 4065 ¹
