2766 4550
31 281 37 294 *
77 281 82 310 l

229 317 249 386 l

230 485 443 551 peccatorem,
473 482 533 529 tarn
561 473 716 543 magnifice
741 443 1015 546 exultare,'inque
1039 463 1167 526 sublime
1192 484 1284 526 sunm

230 571 431 627 ministerium
458 569 521 624 sola
548 576 578 622 et
604 567 811 624 liberalissima
842 581 895 622 sua
927 567 1135 622 misericordia
1169 579 1282 620 vocare

232 666 369 735 dignatus
394 665 455 736 sit,
478 672 512 718 ut
537 671 625 718 tantae
653 663 758 718 divinas
784 661 927 716 bonitatis
952 659 1186 730 magnificentiae
1207 657 1283 726 (vel

233 759 530 832 quantulumeunque
547 757 660 828 poterit
675 757 795 828 pulvis)
813 765 920 823 gratus
937 754 1014 823 sim,
1038 755 1188 808 creditum
1205 749 1283 806 mihi

236 851 367 910 officium
386 851 511 922 impiere
530 851 653 906 omnino
673 849 782 908 debeo.

301 945 510 1024 Quamobrem
534 947 571 1002 ad
599 947 754 1000 decretum
777 943 905 1000 Petrum
927 959 1070 1000 meorum
1098 943 1147 998 die
1171 940 1285 996 Domi.

233 1044 300 1098 bica
318 1053 443 1113 quarta,
472 1055 562 1128 quarn
583 1039 708 1102 Cantute
734 1055 903 1107 vocamus,
931 1039 1050 1106 satura,
1080 1038 1171 1093 hoc
1164 1051 1283 1107 ipsum,

232 1229 501 1302 nostrisprimitiis
524 1229 596 1284 Deo
618 1229 751 1284 dicendis
769 1226 810 1282 ob
837 1225 1203 1305 commoditatem'patria
1221 1223 1284 1278 mei

234 1325 370 1380 addictus
399 1331 455 1379 est.
489 1324 537 1377 Aa
566 1339 641 1394 quas
665 1333 748 1378 tuam
774 1321 993 1378 humanitatem
1023 1319 1198 1384 humiliter,
1228 1319 1283 1372 sed

127 1417 131 1422 '
232 1419 376 1474 audacter
393 1417 554 1484 fortassis,
580 1416 696 1484 invito,
726 1433 787 1470 non
809 1425 913 1484 certe,
944 1415 1026 1486 quod
1055 1414 1095 1470 ob
1115 1428 1183 1468 mea
1201 1412 1230 1468 ia
1253 1421 1284 1466 te

161 1545 165 1554 .
232 1513 311 1568 bene
327 1512 435 1566 merita
456 1510 546 1582 (qun
573 1510 651 1568 nulla
678 1509 771 1578 suat)
793 1511 828 1565 ad
848 1510 921 1564 lauti
944 1508 1058 1564 itineris
1081 1506 1218 1562 laborem
1239 1506 1284 1560 in.

212 1145 358 1208 -patrpna
378 1136 438 1190 Dei
457 1136 571 1204 gratia,
590 1135 754 1188 encaeniare
775 1134 975 1189 constitutum
998 1142 1054 1187 est.
1079 1129 1283 1186 Isenimdies
1351 1141 1352 1146 ’

234 1609 387 1680 quietare,
406 1606 502 1678 adque
523 1606 666 1660 tantillam
689 1611 800 1659 nustrae
824 1604 1000 1690 hurnilitptis
1021 1589 1230 1674 paupertatem
1252 1609 1282 1654 te
1351 1615 1352 1682 j

210 1749 212 1752 .
234 1702 406 1771 adventare,
425 1700 545 1768 dignum
558 1701 730 1756 existimem
740 1719 752 1770 3
770 1699 823 1754 sed
842 1698 924 1770 quod
941 1708 1024 1752 tuam
1039 1695 1283 1751 benevolentiam

232 1794 263 1849 iu
278 1809 331 1860 ¹me
351 1801 382 1850 et
398 1802 549 1866 promtam
565 1792 760 1863 ⁸lbcilitatem,
794 1808 864 1847 eum
882 1791 989 1846 nudius
1015 1803 1114 1846 essent
1141 1791 1219 1861 apud
1241 1787 1283 1858 te,
1347 1863 1350 1868 ἱ

231 1888 451 1956 intellexerim,
478 1895 679 1960 praeterquam
703 1887 774 1944 alias
796 1885 1003 1941 abundantius.

270 1973 277 1996 ’
299 1984 348 2040 Tu
366 1999 450 2054 ergo,
469 1982 645 2038 charissime
662 1981 765 2050 Pater,
782 1979 934 2046 Domine,
956 1979 1061 2034 Frater
1078 1978 1094 2048 (
1104 1977 1182 2033 aliud
1203 1977 1283 2033 euim

233 2079 327 2134 aetatis
347 2088 378 2148 et
403 2079 504 2146 cuth,
520 2075 609 2146 {aliud
634 2077 754 2144 meriti,
782 2077 846 2132 hoc
873 2085 973 2144 autern
995 2073 1282 2143 religionia‘nomen

233 2173 301 2238 est)
322 2173 346 2226 si
366 2187 428 2242 quo
446 2171 539 2225 modu
556 2187 611 2241 per
629 2183 747 2242 tempas
763 2168 1102 2253 perqueecclesiastica
1119 2177 1172 2222 tua
1190 2183 1283 2236 nego.

231 2257 357 2336 tia,'vcl
379 2265 469 2320 etiam
490 2265 644 2322 familiaria
666 2265 759 2318 licere
781 2266 913 2334 poterit,
929 2265 993 2319 huc
1012 2263 1117 2322 edesse
1140 2261 1283 2332 digneris,
1351 2335 1352 2340 ἵ

232 2359 387 2413 adiuturus
413 2369 496 2426 grata
519 2358 675 2428 praesentia
704 2350 906 2429 precibusque
933 2360 1010 2421 tuis,
1040 2365 1075 2413 ut
1096 2357 1282 2430 acceptabile

231 2449 286 2506 liat
310 2450 490 2506 sacrificium
518 2461 657 2506 nostrum
682 2451 712 2505 in
739 2456 907 2523 conspectu
936 2451 1007 2508 Dei.
1042 2450 1174 2508 Habebis
1204 2469 1281 2508 vero
1305 2450 1310 2458 '

232 2544 404 2600 Conradurn
433 2527 548 2627 affinem
579 2561 698 2618 meum,
730 2545 882 2618 quondam
910 2547 1052 2602 aedituum
1082 2548 1110 2601 S.
1138 2545 1283 2616 Nicolai,

230 2647 343 2710 praeter
363 2651 450 2705 eum,
481 2654 693 2710 ‹pnemcanqae
720 2640 791 2722 alias
820 2642 975 2711 volueris,
1003 2641 1117 2696 itineris
1140 2641 1281 2710 socium,

229 2732 395 2822 dupnmoalo
416 2740 446 2786 et
466 2732 521 2802 ipsi
541 2749 595 2804 per
614 2749 703 2790 curas
722 2735 905 2795 domesticas
924 2737 1078 2792 vacavecit
1098 2745 1128 2792 et
1146 2735 1281 2800 libuerit.

291 2827 515 2900 ,Admonemus
536 2842 569 2880 es
590 2827 744 2900 denique„
760 2837 794 2885 ut
813 2837 899 2886 recta
923 2830 959 2885 ad
984 2825 1203 2886 monasterium
1225 2849 1283 2886 uo.

229 2929 328 2977 strum
346 2921 532 2989 ingrediaris,
553 2921 710 2976 nobiscum
728 2925 874 2996 tantisper
892 2936 1138 2982 commoraturus
1164 2926 1176 2992 (
1187 2942 1282 2998 quan.

229 3017 393 3086 doquidem
414 3014 619 3070 habitaturam
636 3027 666 3071 te
684 3015 815 3074 hicnon
835 3019 989 3090 metuam)
1016 3037 1074 3075 nec
1092 3021 1281 3078 forinsecum

145 3137 148 3144 ⁴
228 3125 283 3180 per
307 3110 614 3190 compitultlisquitas
636 3111 802 3182 hospitium
827 3113 916 3169 aliud.
953 3113 1119 3185 Oportebit
1144 3118 1225 3170 enim
1250 3126 1279 3171 te
1333 3163 1336 3167 .

228 3203 402 3266 cellarium,
434 3204 497 3260 hoo
524 3215 587 3268 est,
620 3207 701 3262 cellas
730 3208 860 3263 incolam
889 3207 963 3264 lieri.
1001 3207 1073 3263 Vale
1102 3210 1131 3264 in
1154 3211 1279 3267 Christo

225 3299 302 3353 Jesu
321 3298 464 3356 Domino
482 3306 600 3356 nostro.
637 3301 724 3356 Datac
743 3315 784 3356 ex
800 3301 941 3356 coenobiu
960 3292 1279 3372 nostrolirlurdeuai,

227 3397 271 3454 1⁰.
290 3392 554 3465 CalendaMaias,
575 3408 653 3446 anno
670 3394 797 3452 Domini
819 3395 955 3452 MDVII.
1007 3421 1010 3434 ·

560 3485 687 3580 'Frater
705 3488 857 3546 Martinus
876 3489 1032 3548 Lutherus
1053 3507 1093 3548 ex
1110 3490 1276 3562 Mausfelrb

226 3653 474 3734 „Schalbense
503 3649 690 3726 Collegium,
723 3658 855 3728 optimos
878 3659 945 3716 illus
975 3659 1139 3728 homines,
1167 3660 1205 3718 de
1229 3675 1279 3716 tna
1351 3685 1352 3706 2

225 3759 311 3805 certe
330 3765 420 3854 quilii]
444 3751 557 3820 opiln'le
575 3751 720 3820 ῐΠθΓΙῐΟῧ,
738 3751 910 3831 Importune
933 3769 1061 3811 onerare
1084 3771 1146 3810 non
1167 3753 1280 3829 studeo,

124 3843 130 3853 “
225 3843 307 3912 quod
329 3819 402 3896 rrrrhi
430 3845 553 3900 omnino
577 3847 797 3918 persuaserim,
827 3861 934 3903 eurum
963 3849 1061 3904 ordini
1085 3859 1117 3904 et
1140 3849 1279 3917 dignitati
1349 3883 1352 3900 ‹

223 3953 286 4002 uon
305 3935 433 4005 pulchre
452 3953 640 4008 congruere,
671 3941 707 3996 ael
730 3949 791 3996 tam
816 3941 940 3996 humilis
961 3941 1099 4016 obsequii
1118 3945 1277 4014 negotium
1351 3965 1352 4014 ς

224 4030 385 4100 accersiri,
403 4031 466 4090 imo
481 4031 517 4087 ad
532 4033 693 4101 monaehi,
711 4035 825 4092 mundo
845 4051 926 4100 uuae
943 4037 1068 4106 mortui,
1087 4047 1161 4096 veta
1179 4039 1277 4120 mule-
