2686 4558
552 339 644 430 ιιι.
927 355 933 380 ·
1065 339 1162 441 us⁸

57 497 224 556 Consultis
251 500 357 558 umiois
386 501 424 556 de
452 493 615 559 scribendo
641 497 678 558 eri
701 494 876 570 Principem
905 507 1044 555 nostrum
1070 517 1127 572 pro

56 594 217 664 consilio,
244 595 365 652 invenio
391 575 667 668 nequaquum'tieri
690 610 782 664 posse
807 595 883 649 citra
905 594 1025 666 pietatis
1048 597 1135 668 peri.·

58 689 192 756 cuium,
221 699 255 745 ut
273 673 396 746 nomine
418 700 470 746 eut
487 699 563 746 voto
581 705 651 746 meo
670 701 778 761 paoem
801 688 939 744 offeram.
976 688 1053 744 Setis
1073 689 1129 744 ob.

59 781 123 837 tuii
150 780 312 856 hucusque
330 791 361 840 et
380 785 484 853 solus,
510 801 578 841 sum
594 799 717 854 semper
734 791 851 838 trsotue
866 783 895 838 vi
914 783 944 837 in
959 783 1129 854 negotium,

59 893 127 931 neo
156 877 307 951 integrum
334 889 380 935 est
405 881 562 936 remittere
586 895 728 964 manum,
754 875 980 934 doneoEooius
1001 877 1129 936 elamet:
1168 878 1170 882 ’
1213 929 1216 936 .

62 987 171 1040 cogor
189 973 269 1028 enim
289 989 355 1029 rem
378 973 449 1030 Deo
468 974 679 1042 committere,
699 982 730 1028 et
747 989 796 1028 me
812 971 949 1048 praebere
970 951 1131 1044 ductriem,

61 1065 139 1121 deta
165 1067 283 1122 flatibus
303 1076 334 1123 et
355 1069 497 1126 fluctibus
512 1083 601 1126 nure.
645 1067 747 1124 Unum
767 1081 912 1144 possum,
940 1083 1029 1124 orere
1049 1067 1132 1124 soiii.

63 1171 121 1216 oet
145 1161 207 1216 Dei
234 1161 492 1244 misericordiam:
519 1165 587 1223 datu
608 1173 656 1222 eet
675 1155 750 1221 inihi
769 1165 855 1220 notio
875 1165 984 1218 futures
1005 1163 1131 1234 alicujus

63 1255 195 1325 insignis
221 1256 421 1330 turbu1ae2),
442 1254 508 1336 uisi
535 1260 623 1318 Deus
650 1260 788 1320 satanam
811 1258 1013 1332 prohibuerit.
1060 1256 1132 1314 vini
1209 1331 1211 1336 ,

64 1351 274 1420 cogitationes
306 1353 386 1428 ejus!
403 1354 666 1412 artificiosissimus
703 1355 735 1411 iu
765 1355 876 1410 melum
909 1363 941 1410 et
967 1367 1070 1408 meum
1100 1358 1138 1407 et*

64 1445 251 1502 multorum.
281 1445 363 1523 Quid
379 1448 444 1507 viss
463 1449 592 1506 verbum
608 1451 727 1524 pietatis
743 1465 899 1522 nunquam
912 1448 978 1506 sine
997 1445 1143 1516 turbius„

68 1540 223 1604 tumultu,
252 1541 389 1612 periculo
409 1543 532 1625 tractari
552 1546 663 1623 potuit.
706 1543 842 1602 Verbum
867 1551 915 1600 est
932 1541 1052 1598 infinitae
1069 1557 1136 1596 ms.
1173 1541 1180 1564 “
1239 1550 1242 1558 ’

63 1634 207 1706 jestnis,
224 1651 331 1716 mugpe
353 1645 513 1708 operetur,
538 1625 568 1694 et
586 1647 633 1695 est
652 1637 788 1696 mirabile
806 1638 838 1696 in
857 1637 924 1694 eltis
944 1645 975 1692 et
996 1633 1136 1714 sublimi.

68 1727 149 1797 bus,
175 1735 210 1786 ut
236 1725 395 1802 Propheta
423 1733 512 1802 dicit,
539 1733 664 1806 pingues
690 1733 785 1796 isreel
816 1733 930 1790 oooidit
959 1739 989 1785 et
1017 1731 1167 1804 eleetos]

70 1823 140 1896 ejus
164 1824 300 1902 impedit.
346 1827 409 1882 Aut
430 1844 503 1898 ergo
526 1829 746 1902 desperandum
768 1838 821 1884 est.
838 1828 889 1904 de⁸
902 1843 976 1898 peoe
1000 1834 1032 1881 et
1052 1833 1137 1882 tren.

71 1917 222 1989 quillitate
247 1917 337 1991 hujus
367 1921 437 1988 rei,
474 1929 525 1977 sut
552 1922 682 1978 verbum
711 1921 881 1992 negandum
912 1929 969 1976 est·
1014 1919 1136 1978 Bellum

71 2013 202 2074 Domini
227 2021 294 2082 est,
319 2015 450 2086 quinon
474 2017 555 2071 veuit
572 2031 679 2088 paoem
700 2017 831 2075 mittere.
874 2013 926 2070 Tu
942 2023 1018 2082 ergo
1039 2028 1136 2082 oove,

72 2124 114 2166 ue
140 2101 244 2180 speres
270 2107 427 2164 Christum
449 2109 479 2165 in
501 2117 583 2166 terro
604 2110 781 2183 promoveri
803 2123 873 2168 oum
895 2123 970 2179 psoe
988 2115 1019 2162 et
1037 2105 1138 2162 suevi.

74 2209 163 2272 tete,
194 2189 284 2276 quem
304 2204 388 2260 vides
416 2205 542 2282 proprio
567 2206 710 2274 sunguine
731 2219 897 2277 pugnasse,
922 2209 953 2258 et
974 2209 1044 2274 post
1065 2215 1136 2256 eum

77 2313 183 2354 omnes
200 2305 358 2369 martyres.
393 2297 461 2369 Ego
485 2299 660 2372 imprudens
683 2299 845 2372 hucusque
863 2297 965 2356 omniu
983 2295 1137 2354 Johaunis

76 2392 159 2449 Huss
176 2401 207 2448 et
226 2393 317 2449 docui
337 2401 368 2449 et
385 2395 467 2460 tenui
479 2413 487 2450 ι
498 2375 612 2452 docuit
629 2395 734 2450 eudem
752 2393 954 2470 imprudentia
970 2400 1003 2448 et
1017 2390 1139 2447 Johen.

77 2501 134 2548 nes
152 2487 305 2560 Staupitz:
323 2487 460 2549 breviter
480 2503 586 2546 sumus
605 2472 711 2546 omnes
729 2489 860 2546 Hussitm
877 2486 1138 2557 ignoranteszue.

79 2583 171 2654 nique
189 2581 302 2639 Paulus
321 2591 352 2637 et
366 2583 553 2652 Augustinus
572 2583 609 2640 sd
636 2577 764 2640 verbum
789 2591 860 2640 sunt
886 2577 1026 2638 Huss‘itae'.
1062 2579 1139 2648 vide

80 2687 237 2747 monstra,
265 2693 387 2748 quaeso,
414 2681 445 2734 in
464 2694 529 2750 quse
546 2681 685 2736 venimus
702 2680 768 2736 sine
786 2679 864 2734 duce
884 2685 913 2730 et
932 2678 1062 2733 doctore
1078 2657 1142 2730 Bo.

81 2773 214 2829 hemico.
242 2769 311 2842 Ego
329 2789 391 2843 pree
409 2783 535 2846 stupore
553 2775 658 2830 nescio
668 2773 766 2846 ,quid
785 2772 935 2858 cogitem,
953 2769 1059 2826 videns
1077 2777 1141 2824 tam

84 2865 227 2924 terribilia
244 2867 306 2922 Dei
319 2867 457 2938 judicia
450 2885 479 2924 ru
497 2868 693 2935 hominibus,
718 2867 802 2938 quod
829 2865 942 2922 veritas
968 2863 1142 2932 evangeliea
1226 2875 1227 2878 ’

84 2963 269 3035 apertissima
290 2962 354 3032 jem
377 2961 497 3036 publice
529 2963 597 3036 plns
625 2970 749 3020 centum
781 2961 864 3018 annis
896 2968 1005 3016 exuste
1033 2957 1141 3030 prob)

85 3061 220 3116 damnata
238 3049 387 3126 hebetur,
409 3075 468 3116 neo
484 3059 557 3121 licet
574 3058 637 3122 hoo
656 3057 806 3117 confiteri.
841 3054 903 3114 Vse
922 3064 1021 3110 terres.
1055 3051 1141 3111 Vale.
1220 3067 1226 3084 ι

895 3147 1232 3215 Mart.1,uther.‚

137 3451 167 3498 a)
190 3445 287 3493 uuor.
308 3445 449 3512 nnneentae,
467 3445 514 3493 ιιι
529 3444 628 3494 turbela
646 3453 685 3494 ιιι
700 3443 793 3502 mente,
823 3426 827 3434 ’

141 3526 173 3578 b)
202 3527 275 3579 cod.
294 3527 363 3580 Jen.
389 3533 422 3574 et.

348 3795 876 3823 Μ
