2760 4556
1171 81 1214 145 ,h

517 185 540 296 l
566 241 570 258 =
946 275 948 281 .

594 338 706 405 isra·
807 389 811 400 .
895 413 898 426 ,
1107 343 1167 424 trs

168 493 296 548 Etttinilta
311 493 352 548 ira
368 493 577 543 luriieberlr
592 496 641 544 tto.
658 497 680 540 b.
701 493 833 548 ,attare
849 495 884 578 ui
899 509 923 556 μ.
938 493 992 544 53⁰.
1019 497 1126 582 vtfea.
1142 505 1163 553 i.
1265 513 1269 526 ’

110 585 160 632 tit.
173 585 196 631 b.
211 583 279 637 sea.
294 585 313 630 1.
341 582 380 630 ttt
394 586 416 628 n.
433 581 755 636 structurarum.
770 583 806 632 6⁰.
823 584 926 639 seni.
939 585 1020 635 nra
1037 587 1161 642 ttttrrrt

108 671 131 718 t.
150 672 201 720 ild.
229 669 331 723 trist·
351 670 432 719 xvii.
450 671 498 718 tte.
526 669 626 721 weita
640 671 760 721 iiim.

106 849 329 908 Illmtrissr'mo
348 857 378 906 et
393 869 463 906 uere
479 852 594 920 optimo
611 851 762 923 Principi,
784 851 825 910 D.
839 853 996 912 Frr'derr'co
1012 837 1165 930 Endon,

179 947 275 1002 Sacri
291 947 430 1004 Romani
446 947 575 1018 imperii
593 946 882 1018 Armanarscotto,
900 949 982 1006 Duci
1000 953 1163 1024 sumta,

124 1059 128 1066 ·
178 1039 317 1097 Proesirii
334 1040 532 1116 Thurinqiae,
551 1041 735 1103 Murenam·
751 1043 925 1114 Misnensr',
955 1043 1090 1104 Domino
1107 1062 1169 1114 rua

178 1134 423 1224 clementissimo,
439 1135 571 1192 centum
588 1137 774 1205 mancipium
785 1137 907 1194 Frater·
924 1135 1032 1198 Mart.
1049 1140 1165 1198 Lutlre.

177 1245 233 1286 rus
251 1231 513 1306 Aaqrrstinianm,
522 1229 719 1302 felicitatem,
740 1239 769 1286 et
788 1232 931 1307 quiequid
942 1235 1163 1305 mulctatio

171 1326 355 1395 peccatoris.
547 1339 551 1348 ’
961 1326 963 1334 '

107 1503 248 1613 Accepi,
267 1539 500 1597 clementissime
519 1557 554 1596 ac
572 1537 772 1599 illustrissime
786 1539 950 1614 Princeps,
968 1557 1024 1618 per
1041 1543 1159 1600 amici.

105 1637 216 1692 simum
238 1651 340 1690 meum
365 1635 531 1692 Dominum
555 1635 722 1708 Georgium
747 1637 930 1710 spaletinam
939 1678 951 1708 ,
976 1639 1078 1695 literas
1101 1639 1162 1693 urie

104 1745 176 1786 cum
198 1731 339 1802 exemplo
358 1729 513 1786 literarum
537 1733 778 1788 reverendissimi
803 1731 929 1788 Domini
951 1731 1082 1790 Thomas
1103 1733 1162 1788 Ca.
1237 1791 1240 1798 ,

99 1825 220 1895 jerani,
246 1825 324 1881 tituli
346 1825 375 1881 S.
400 1825 475 1881 sixti
500 1825 682 1894 Cardinalis,
713 1827 797 1882 Sedis
825 1827 1006 1898 Apostolieac
1035 1825 1161 1896 Legati,

107 1919 262 1976 voluntate
276 1919 485 1976 ¹illustrissimae
498 1919 725 1976 Dominarionis
740 1932 796 1976 tua
811 1922 845 1974 ad
860 1937 907 1976 me
924 1905 1036 1976 misso:
1056 1921 1161 1991 accepi

105 2009 211 2069 eutem
226 2023 257 2069 et
274 2023 450 2068 reverenter
470 2021 500 2070 et
520 2013 668 2072 hilariter.
703 2015 799 2068 Video
823 2015 901 2068 enim
925 2013 1161 2084 pulcherrimam
1194 2058 1197 2075 .

105 2107 201 2162 totius
220 2123 315 2162 causae
333 2091 406 2162 meae
426 2110 611 2179 exponendae
630 2107 821 2162 occasionem
845 2107 954 2162 datam.
988 2105 1089 2161 Unum
1109 2122 1160 2162 so.

105 2185 178 2254 lum*
196 2199 232 2254 ab
256 2202 454 2257 illustrissIma
481 2203 663 2257 Celsitudine
685 2211 895 2274 tuaproceres
916 2201 1025 2270 fuero,
1047 2207 1160 2256 utsor.

110 2293 315 2350 didam-hunc
338 2305 367 2350 et
387 2295 557 2352 mendicum
578 2295 775 2350 fraterculum
791 2297 933 2368 splendor
948 2295 1159 2364 magnitudinis

108 2396 171 2443 tue
190 2385 428 2444 clementissime*
439 2389 550 2446 toleret
566 2388 795 2446 balbtuientenr.
1103 2401 1105 2408 ⁴

175 2481 312 2538 Primum
328 2499 400 2538 vere
419 2483 525 2540 scribit
543 2485 727 2540 reuerendus
749 2483 901 2540 Dominus
920 2483 1085 2540 Cardinalis
1108 2497 1159 2538 me

103 2576 190 2632 salvo
210 2565 363 2634 conductu
388 2578 520 2634 voluisse
544 2580 652 2634 muniri
677 2595 774 2634 rnearn
795 2581 937 2648 Augrrstae
957 2577 1158 2652 praeentiam.

102 2667 214 2742 Neque
241 2671 271 2726 id
302 2671 359 2726 ieci
383 2683 433 2726 aut
454 2689 524 2728 meo
547 2683 597 2727 aut
619 2673 827 2730 illustrissimae
846 2673 1074 2730 Dominationis
1097 2682 1158 2728 tuas
1223 2655 1228 2666 ’

95 2761 252 2834 coneilio,
270 2767 324 2822 sed
341 2768 508 2823 amicorum
526 2769 711 2838 singulorum
730 2778 761 2822 et
783 2769 936 2850 omnium,
964 2767 1073 2838 quibus
1092 2767 1159 2818 tue.

101 2875 168 2914 ram
193 2859 289 2915 literis
311 2863 556 2918 commendatus:
584 2871 715 2936 excepto
738 2879 814 2930 uno,
838 2860 996 2930 magnifico
1019 2859 1157 2914 Domino

100 2951 226 3010 Urbano
247 2963 388 3023 oratore,
416 2956 467 3027 qui
489 2956 813 3013 soluemaltisverbis
833 2955 983 3011 dissuasit.
1032 2954 1089 3009 Sed
1105 2969 1159 3007 ne.
1193 3022 1196 3026 ¹

100 3037 187 3104 cesse
204 3049 262 3104 init
278 3047 352 3104 mihi
362 3088 372 3119 ,
389 3057 424 3106 ut
444 3065 549 3106 omnes
564 3043 743 3122 praeierrem‘
757 3051 819 3118 uni,
835 3065 891 3118 ne,
911 3049 935 3105 si
953 3049 1024 3121 quid
1041 3059 1173 3118 temere,

99 3142 173 3198 mihi
204 3143 400 3212 contigisset,
426 3148 474 3199 m‘e
494 3147 694 3220 contemsisse
712 3145 882 3200 scriberent
902 3153 932 3198 et
948 3143 1158 3198 illustrissimae

98 3235 328 3292 Dominationis
352 3247 409 3292 tuae
430 3239 723 3294 commendationem
745 3249 776 3293 et
794 3239 929 3310 ipsoram
953 3236 1157 3292 fidelissimam

99 3347 239 3401 operam.
281 3329 400 3386 Deinde
425 3349 486 3390 non
512 3333 657 3405 capitosi,
691 3333 744 3388 sed
768 3331 911 3388 naturalis
938 3331 1063 3386 affectus
1092 3339 1157 3396 est,

97 3425 214 3482 multos
238 3423 410 3480 Germanos
426 3435 513 3482 antea
531 3426 671 3496 cognitos
691 3437 780 3500 atque
800 3428 861 3481 vita
881 3431 910 3480 et
928 3424 1090 3480 autoritate
1107 3437 1157 3476 oe.

97 3517 239 3572 iebresa
266 3533 315 3571 me
337 3517 492 3576 Germano
518 3520 652 3594 praeferri
678 3521 730 3576 uni
750 3521 838 3576 Italo.
883 3519 950 3590 Ipsa
972 3505 1155 3572 enimssnatio

97 3619 129 3664 et
154 3611 319 3667 murltitudo
347 3627 414 3682 ane,
442 3623 551 3684 spero,
572 3613 740 3683 justissime
763 3612 970 3678 excusabunt,
987 3628 1025 3665 ne
1040 3609 1157 3666 Orator

96 3703 147 3759 ille
163 3704 317 3760 Dominus
335 3707 509 3784 magnificus
527 3724 560 3763 se
574 3725 591 3762 a
605 3725 653 3763 rne
671 3717 860 3764 contemtum
878 3705 975 3778 possit
993 3703 1120 3761 causari.

168 3797 242 3854 Non
261 3815 334 3868 ergo
354 3809 425 3868 tua,
443 3799 644 3872 illustrissime
662 3803 831 3874 Princeps,
850 3799 1008 3856 diffidentia
1028 3815 1155 3868 arguen.

97 3893 135 3949 ua
163 3895 238 3956 tuit,
270 3895 331 3950 irno
357 3895 424 3968 plus
447 3896 476 3950 in
501 3896 788 3953 reverendissimum
812 3894 982 3952 Dominum
1006 3893 1156 3963 Legatum
1193 3923 1199 3936 ι

98 3981 249 4044 conlisum
273 3997 337 4056 est,
358 4005 448 4062 quam
464 3999 658 4062 speraverant
676 3989 779 4053 amici,
807 3989 847 4044 ita
866 3998 899 4045 ut
917 4004 1015 4042 meam
1033 3985 1156 4042 temeri.

95 4091 191 4137 tatem
209 4081 410 4154 mirarentur,
429 4080 859 4157 omnipotentatui)
881 4081 1050 4148 audaciam,
1069 4079 1152 4152 qaod
1183 4067 1196 4083 ’“

1126 4275 1129 4286 ,
1167 4253 1178 4280 Ι
