2760 4556
145 383 149 390 μ
188 291 246 364 tas
356 252 360 264 ⁴
664 285 756 354 ms.

186 447 408 507 Erudr‘tissimo
433 451 462 500 ut
479 443 665 502 wnicissimc
683 461 740 502 auo
760 443 895 520 Georqr'a
914 443 1098 519 spalatino,
1126 421 1249 512 &witti

544 549 648 608 seruo,
668 555 724 596 suo
739 539 887 596 Damna
1229 543 1235 548 “

629 673 758 780 &Muli
775 739 802 778 8·

184 879 338 972 Salutem.
378 912 447 971 Nec
468 925 574 968 meum
598 927 657 971 nec
688 919 773 970 tuum
802 913 964 972 eonsilium
994 913 1174 986 prevaluit,
1205 915 1254 970 mi

185 1011 342 1086 spalatina.
387 1008 467 1064 Nam
487 1017 517 1063 at
537 1024 593 1077 ego
614 1005 845 1080 appellationem
869 997 979 1064 excudi
1004 1008 1125 1080 quidem
1151 1008 1250 1078 jussi,

96 1149 102 1160 ,
140 1094 147 1119 “
186 1107 238 1164 sed
256 1105 332 1162 inito
350 1115 440 1176 puoto
460 1102 692 1178 eunt-librario,
719 1119 757 1158 ne
776 1118 902 1174 prorsus
928 1101 1018 1156 ullam
1044 1105 1166 1170 ederet,
1194 1102 1253 1158 sed

186 1216 292 1258 omnes
307 1199 384 1272 apud
406 1213 455 1252 me
475 1197 659 1269 deponeret,
678 1213 734 1252 sno
750 1215 765 1252 a
783 1213 832 1252 me
849 1208 975 1270 accepto
992 1198 1107 1268 pretio:
1127 1206 1162 1252 ut
1176 1212 1253 1268 qua.

186 1309 305 1366 cunque
331 1303 496 1366 expectatae
521 1291 606 1347 iuriae
625 1291 754 1346 Romani
770 1291 876 1362 judicii
897 1293 1053 1361 venirent,
1074 1301 1168 1372 ntum,
1197 1307 1253 1346 me

98 1447 117 1460 „
184 1390 372 1452 recedente,
399 1399 507 1460 paratae
526 1387 781 1462 dispergerentur.
818 1389 860 1442 At
883 1386 1098 1464 bonushomo
1120 1386 1184 1442 suis
1202 1385 1253 1440 lu.

186 1485 246 1542 cris
266 1483 419 1550 intentus,
448 1498 519 1538 oum
538 1498 594 1551 ego
617 1493 833 1553 expectarem,
858 1492 892 1536 ut
914 1481 1056 1547 afferret,
1075 1479 1164 1552 prius
1183 1479 1253 1534 fere

64 1603 71 1614 ·
100 1589 102 1596 '
158 1577 294 1644 somnes
311 1574 507 1644 vendiderat,
524 1585 555 1632 et
575 1592 633 1644 ego
655 1576 839 1632 novissimus
858 1576 995 1632 omnium
1013 1576 1134 1632 tandem
1153 1573 1252 1630 editas

187 1673 330 1742 cognovi.
376 1671 431 1729 Fui
452 1671 528 1728 ‘satis
562 1671 592 1728 in
620 1685 688 1726 eum
713 1671 939 1738 stomachatus,
968 1671 1021 1726 sed
1043 1679 1145 1728 actum
1166 1679 1251 1726 erat:

84 1834 88 1848 ⁸
185 1762 333 1825 iniectum
362 1765 621 1840 lseeremeqnivi.
664 1765 972 1836 Itemetaetap'am
997 1764 1251 1836 explorassent,

111 1878 113 1892 ·
185 1877 282 1933 usque
311 1863 347 1918 ad
375 1863 514 1918 ultimum
545 1862 796 1931 quaternionem,
832 1861 952 1932 quando
974 1867 1122 1916 venerunt
1145 1839 1254 1930 primae

186 1967 245 2013 tuae
262 1957 485 2026 inhibitiones,
501 1966 590 2028 qtque
612 1951 762 2024 divulgata
779 1956 808 2010 in
826 1955 993 2010 multorum
1012 1969 1117 2010 manus
1150 1950 1252 2020 (adeo

127 2059 130 2072 '
184 2052 367 2110 insidiantur
382 2068 526 2124 quoque,
544 2051 569 2108 si
585 2050 658 2124 qnid
677 2051 726 2106 vel
743 2050 830 2109 unius
846 2051 958 2120 pagina
978 2049 1075 2116 edo):
1099 2057 1166 2104 tum
1186 2065 1253 2104 non

185 2148 272 2220 potui
306 2147 448 2204 ultimum
482 2146 714 2219 quaternionem
744 2146 891 2222 remorari
926 2143 1077 2217 prioribus
1104 2143 1253 2214 evagatis.

184 2223 331 2312 Alioquin
350 2257 388 2296 ne
412 2241 553 2304 dubites,
580 2241 744 2298 consilium
767 2251 852 2296 tuum
877 2249 907 2296 et
927 2238 1132 2310 protulissem
1151 2247 1183 2292 st
1201 2253 1253 2294 se.

185 2341 274 2388 cutus
292 2333 418 2392 inissem
432 2375 451 2403 ,‚
472 2336 551 2390 sicut
573 2346 604 2390 et
631 2337 714 2407 prius
737 2333 816 2402 laci,
849 2342 883 2387 ut
906 2320 996 2388 nosti.
1037 2330 1131 2408 Nunc
1150 2331 1250 2388 multo

50 2425 55 2433 '
97 2479 107 2496 ,
184 2427 279 2494 magis
294 2437 494 2501 utrorumque
515 2429 653 2484 editionis
673 2445 722 2486 me
742 2428 868 2500 paenitet
875 2467 886 2497 ,
906 2437 1065 2499 postquam
1083 2427 1146 2484 vidi
1165 2441 1255 2496 egre.

185 2521 248 2590 gine
275 2522 330 2576 has
358 2521 462 2578 literas
491 2523 685 2582 illustrissimi
716 2522 870 2596 Principis
894 2523 992 2578 nostri
1016 2523 1052 2577 ad
1080 2521 1262 2592 Dominum,

184 2615 388 2670 reverendum
411 2615 569 2686 Legatum.
609 2617 693 2673 Bone
713 2604 828 2684 Dens,
861 2628 952 2688 quam
975 2617 1252 2685 cumgattdioeas

184 2705 243 2778 legi
264 2717 294 2764 et
308 2709 422 2780 relegi,
441 2711 540 2767 sciens
557 2727 648 2794 quam
666 2712 727 2768 sint
744 2709 852 2768 fiducia
871 2706 982 2783 plenae,
1009 2720 1040 2765 et
1058 2719 1159 2765 tamen
1175 2711 1253 2765 mira

184 2804 334 2860 modestia
358 2805 517 2861 conditer
539 2801 575 2862 Id
591 2813 717 2872 metuo,
744 2823 783 2860 ne
802 2805 870 2860 Itali
888 2817 935 2862 sat
950 2805 1138 2878 intelligant,
1167 2805 1253 2877 quod

184 2899 216 2962 in
247 2915 402 2954 recessum
426 2879 550 2957 liabent.
596 2899 653 2958 Est
682 2901 762 2956 enim
784 2900 945 2957 hominum
969 2917 1082 2970 genus,
1112 2902 1196 2974 quod
1220 2901 1253 2956 in
1272 2965 1287 2984 Ι

52 3031 59 3050 .
140 3067 143 3072 Ι
186 2993 295 3053 taciem
319 3003 349 3048 et
373 2995 505 3050 frontem
531 2995 665 3052 intendat
691 2993 785 3051 rebus
807 2995 896 3050 simul
917 3004 947 3050 et
967 2995 1075 3051 literis.
1125 2997 1168 3050 At
1188 2996 1253 3052 hcc
1371 2981 1372 2991 ἵ

77 3125 82 3138 .
134 3085 147 3160 J
185 3087 293 3142 saltem
311 3087 473 3156 videbunt,
493 3104 560 3144 sese
579 3090 654 3146 nihil
676 3091 777 3151 adhue
796 3105 905 3158 eorum
922 3089 1086 3162 incepisse,
1107 3107 1173 3162 quaa
1186 3090 1253 3160 jam

186 3195 413 3238 consummasse
427 3181 484 3240 sibi
500 3182 694 3240 videbuntur.
728 3184 761 3240 N
765 3200 805 3240 cn
820 3193 922 3257 potest
936 3183 1107 3256 ficrt‚.quin
1122 3199 1252 3256 prorsus

102 3283 111 3302 “
185 3274 373 3346 displiceant.
409 3275 513 3349 Quare
536 3285 566 3332 te
585 3293 645 3333 oro
664 3295 719 3350 per
737 3279 926 3347 Dominum,
953 3289 984 3334 et
1003 3279 1068 3350 ipse
1087 3278 1161 3334 boni
1178 3293 1254 3335 con.

109 3367 119 3386 ⁸
187 3369 267 3425 sulas
290 3370 437 3429 editiones
459 3373 532 3426 istas
554 3373 755 3443 novissimas,
781 3373 855 3428 milri
875 3387 996 3446 quoque
1013 3357 1252 3443 ingratissimas:

188 3463 295 3518 deinde
310 3473 339 3518 et
362 3464 566 3522 illustrissimo
587 3465 725 3542 Principi
742 3484 800 3540 pro
822 3483 871 3522 ms
893 3467 1003 3536 gratias
1023 3483 1110 3538 agas,
1137 3477 1168 3523 et
1187 3477 1255 3524 atu.

161 3555 273 3620 ,diosa
300 3571 397 3612 arreum
421 3559 633 3634 gpatitudinem
662 3558 845 3620 laetissimam
872 3563 1079 3620 commendes.
1126 3561 1254 3636 Optime

187 3658 289 3704 actum
310 3661 375 3718 est,
394 3663 426 3708 ut
445 3654 486 3724 is,
511 3656 561 3726 qui
580 3657 669 3728 paulo
687 3667 755 3714 ants
772 3662 832 3712 mei
851 3657 957 3716 similis
973 3657 1129 3718 mendicus
1145 3667 1261 3716 mona:

190 3742 285 3809 elius,
313 3761 392 3799 nunc
415 3748 505 3806 etiam
532 3751 683 3832 principes
707 3751 936 3824 potentissimos
954 3769 1017 3810 nou
1037 3760 1162 3812 seretur
1186 3753 1254 3810 sine

189 3837 249 3890 ulla
268 3837 394 3893 honoris
412 3841 527 3896 ratione
543 3845 646 3913 adire,
665 3845 792 3918 alloqui,
811 3845 942 3918 minari,
960 3849 1122 3918 mandare,
1142 3855 1174 3904 et
1193 3865 1253 3920 pro

189 3931 276 3988 libitu
294 3933 508 4002 superbissime
527 3945 668 3994 tractare.
712 3939 821 3996 Discat
853 3942 903 3997 vel
931 3958 1001 4000 sero
1031 3944 1121 4020 etiam
1146 3943 1252 4000 sasctdi

190 4033 371 4108 potestatem
391 4044 407 4082 a
426 4027 497 4094 Dec
514 4045 581 4090 esse
597 4043 626 4088 et
639 4049 784 4094 euoenon
797 4036 891 4094 licere
906 4033 1043 4098 honores
1059 4039 1249 4108 conculcari,
