2716 4556
187 239 253 312 sn
306 271 313 278 -
493 246 497 261 ¹
594 261 597 268 ·
668 225 759 314 ists

188 401 415 476 potentissimus
436 401 553 460 bostis:
574 401 666 460 novit
689 403 812 460 illorum
835 417 928 474 noges
950 393 1041 460 simol
1068 409 1110 460 et·
1126 401 1258 460 Christi

188 511 320 572 petram:
350 502 416 555 ideo
437 493 543 572 potens
562 499 683 570 poterit.
719 501 825 552 Amen.

192 593 199 602 '
260 593 411 649 Venerunt
429 595 522 651 nterae
540 609 579 648 ex
597 592 713 660 Gallia,
727 591 769 670 ¹io
791 591 897 664 quibus
915 591 1059 648 scribitur
1077 590 1258 648 Erasmum

189 689 322 756 dixisse:
340 686 448 749 ltimeo
474 688 641 742 ntsrnnum
672 688 769 758 perire
798 685 951 758 probitate
977 701 1047 743 sua:
1076 688 1114 742 de
1144 686 1255 744 Eeeio

191 798 308 846 autern,
326 787 405 854 quod
424 799 531 836 nouieu
547 798 634 836 suum
652 775 885 852 privaverit'una
902 781 1005 841 litera,
1023 781 1142 836 scilieet
1160 779 1256 852 quod

191 893 248 948 pro
269 873 378 933 Eouius
399 875 525 932 „tr-ocius
546 878 603 932 dici
630 877 799 933 debuerim,
816 873 941 930 Jeooius
966 885 1065 930 autem
1087 875 1254 932 Hellandis

162 973 164 980 “
191 969 306 1024 fatuum
328 969 500 1036 siuniliest.¹
528 971 611 1026 Adeo
639 949 746 1040 pugnat
774 970 913 1026 Christus
938 985 1008 1024 oum
1030 986 1109 1054 ¹statne
1130 970 1254 1040 gloria,

191 1080 226 1118 ut
253 1080 342 1134 quem
370 1065 529 1135 tapsenses
554 1067 678 1120 adorant
701 1076 732 1122 et
755 1065 821 1120 Eolr
838 1075 965 1133 vocant,
988 1063 1098 1120 eruditi
1118 1079 1252 1134 omnes,

194 1172 227 1214 ut
246 1160 286 1212 illi
305 1157 440 1214 scribunt
456 1204 464 1226 ‚
483 1163 559 1214 satire
579 1144 718 1232 detestati
735 1159 814 1214 dect
832 1161 990 1232 appellent.

265 1253 433 1326 Episcopus
459 1271 543 1328 meurs
567 1254 864 1322 brandenburgensis
896 1265 1067 1308 monstrum
1093 1251 1251 1322 parturit,

146 1385 150 1400 .
193 1345 292 1402 bonus
314 1351 427 1414 homo,
449 1363 479 1404 et
501 1350 580 1408 siunt
598 1349 710 1418 Moab,
736 1351 803 1420 plus
825 1362 1007 1420 praesumens
1030 1361 1120 1416 quatu
1139 1345 1251 1416 possit.
1338 1333 1339 1336 Ἴ

193 1440 320 1498 Dixisse
349 1445 458 1501 fertur,
484 1461 544 1497 non
574 1442 788 1498 reclinatorium
822 1459 854 1497 se
885 1447 975 1512 eaput
1001 1441 1160 1508 suaviter,
1190 1439 1250 1494 nisi

158 1547 163 1552 ·
194 1523 278 1604 'prius
303 1533 469 1590 Martinnm
495 1538 524 1590 in
545 1537 644 1606 ignem
665 1538 823 1608 projiciat,
850 1537 929 1592 sicut
950 1535 1107 1602 titionem,
1132 1532 1250 1604 inquit.

103 1695 106 1708 Ι
195 1629 304 1693 istum.
333 1647 423 1701 quem
453 1629 689 1701 (benedicens)
716 1632 803 1686 simul
828 1631 976 1699 inignem
1001 1603 1144 1698 oonjeoit.
1190 1624 1250 1680 Sed

196 1730 257 1778 tam
277 1725 355 1779 intlat
374 1725 505 1782 Ecciana
526 1727 690 1782 ventositas
708 1725 786 1781 hans
805 1725 945 1780 miseram
963 1713 1106 1804 vesieem.

166 1835 173 1878 ἵ
268 1817 379 1876 Verum
400 1820 464 1876 brae
484 1821 521 1877 de
541 1820 619 1877 aliis:
645 1823 681 1875 de
701 1837 761 1874 me·
775 1819 847 1892 quid
872 1819 943 1875 visi
968 1803 1069 1874 Nimis
1090 1831 1142 1870 me
1163 1814 1250 1871 dere·

104 1949 108 1958 ·
197 1911 319 1982 linquis.
368 1913 432 1983 Ego
459 1923 617 1988 superte,
649 1913 911 1972 sicutablaotatus
940 1927 1032 1984 super
1056 1919 1249 1978 matresua,

198 2009 391 2065 tristissimus
417 2009 476 2064 hac
503 2011 551 2066 die
577 2011 635 2068 fui:
662 2011 793 2066 obsecro
821 2019 870 2078 te,
897 2007 1066 2064 Dominum
1092 2005 1249 2062 leudesio

198 2115 248 2156 me
268 2105 358 2158 etiam
377 2115 558 2176 peccatore:
577 2087 669 2163 uitam
689 2105 738 2160 odi
760 2101 938 2176 pessimam,
965 2109 1098 2162 mortem
1115 2099 1248 2166 horreo,

155 2226 160 2238 κ
201 2203 231 2250 et
263 2196 320 2250 fide
350 2213 463 2252 vacuus
492 2215 578 2269 sum,
606 2199 669 2256 eliis
691 2201 778 2256 dunis
797 2200 921 2270 plenus,
948 2196 1089 2268 quassit
1111 2192 1250 2250 Christos

145 2309 148 2314 ·
200 2303 291 2358 quam
310 2306 370 2343 non
390 2292 580 2361 desiderem,
606 2295 660 2350 nisi
681 2295 708 2348 ei
727 2294 867 2350 serviam.

268 2381 410 2440 Minores
427 2388 503 2455 apud
525 2403 601 2454 nos.
620 2389 751 2466 capitulo
771 2396 897 2456 coacto,
916 2386 1068 2458 disputant
1080 2383 1118 2440 tle
1131 2382 1251 2452 stigma.

201 2473 282 2530 tibus
313 2477 341 2532 S.
361 2478 513 2536 Francisoi
539 2495 571 2537 et
595 2484 690 2552 glorie
712 2484 826 2540 ordinis
844 2483 913 2551 sui,
937 2481 990 2537 sed
1011 2481 1087 2536 adeo
1107 2477 1250 2544 ielieiter,

78 2581 84 2591 “
166 2598 171 2624 =.
201 2575 236 2624 ut
261 2570 311 2641 qui
333 2582 400 2626 aute
420 2585 580 2646 utrumque
602 2580 734 2634 venerati
756 2591 877 2638 sumus.
891 2577 954 2647 jam
974 2573 1112 2632 dubitare
1133 2571 1271 2642 incipio.

202 2679 287 2736 mus,
313 2677 376 2722 tarn
397 2667 433 2724 de
454 2671 642 2740 stigmatibus
663 2673 721 2729 illis
742 2673 888 2745 quamde
910 2669 1024 2726 ordinis
1045 2669 1133 2725 istius
1151 2666 1252 2722 nendi.

105 2813 110 2816 .
202 2759 296 2816 tione.
347 2763 479 2835 Utraque
508 2765 592 2822 t‘slsis‘
618 2767 762 2822 similiora
791 2782 881 2839 quam
907 2763 987 2820 veris
1015 2764 1136 2819 inventa
1161 2769 1251 2817 sunt:

123 2917 125 2922 ,
203 2857 332 2926 oontigit
357 2859 399 2913 eis
429 2859 477 2914 illa
509 2861 601 2917 nimio
630 2861 869 2930 extollentibus,
903 2859 983 2932 quod
1007 2853 1251 2929 predicatoribus

204 2949 233 3007 S·
263 2949 567 3028 Tbontatn.·nimiurn
594 2955 828 3012 celebrantibus.
877 2953 1027 3010 Perduxit
1056 2967 1110 3008 eos
1138 2949 1172 3010 ln
1200 2947 1254 3004 hae

140 3087 141 3092 1
204 3043 422 3116 disputationes
441 3033 566 3120 Martini
585 3050 820 3121 hujusmodis,
851 3065 916 3121 qua
936 3047 1183 3104 disseminaverat
1206 3057 1255 3097 ro·

204 3152 344 3210 morsm,
379 3157 426 3196 me
452 3153 557 3200 eontra
584 3142 721 3214 stigmata
747 3145 794 3200 illa
822 3143 1009 3216 praedicasse.
1034 3137 1130 3196 'Ideo
1156 3151 1253 3194 ausam

205 3243 313 3289 contra
334 3251 435 3292 mese
456 3240 593 3308 adeptam
617 3251 776 3308 putantes,
801 3239 873 3294 mihi
900 3244 1098 3309 speraverunt
1121 3225 1254 3290 nonnihil

206 3343 240 3382 ee
272 3329 464 3386 exhibituros
498 3333 619 3402 negotii.
667 3333 707 3389 Et
732 3319 1042 3399 vere'felix·‘sum‚·
1061 3345 1153 3401 quem
1184 3315 1254 3382 adeo

207 3435 314 3494 omnes
335 3425 463 3480 delectat
488 3427 686 3498 impugnare,
701 3440 745 3484 rut
768 3429 857 3484 etism
882 3427 993 3497 lingere
1019 3425 1165 3496 incipiunt
1188 3423 1258 3490 dog.

207 3529 305 3578 mara,
335 3535 400 3590 quae
422 3533 651 3598 ruitquammea
681 3522 872 3594 impugnent:
897 3533 1004 3578 verum
1033 3519 1149 3586 doleo,
1180 3513 1259 3587 qood

209 3609 380 3666 universam
412 3631 497 3669 suain
513 3605 749 3689 professionem
777 3617 818 3673 ita
848 3607 977 3672 ludibrio
1004 3611 1170 3670 traducunt
1198 3609 1260 3664 siue

139 3703 142 3712 '
205 3717 308 3758 eausa.

204 3841 207 3849 Δ
280 3799 485 3862 Erfurdiensis
511 3803 585 3874 fuit,
612 3807 662 3878 qui
683 3807 748 3862 hmo
770 3805 951 3877 disputavit,
975 3803 1023 3860 ille
1042 3801 1185 3870 scilieet,
1211 3795 1259 3870 qni

160 3971 165 3982 Ι
211 3913 282 3956 etun
299 3895 654 3968 Lange-nostrosocius
675 3900 835 3978 magisterii
855 3900 917 3954 fuit
956 3898 1031 3958 Cras
1051 3891 1262 3954 Peirossos.

210 3993 292 4048 tinus
314 3991 496 4066 disputabit,
525 3995 575 4066 qui
597 4011 645 4048 me
660 4003 696 4048 et
718 4009 823 4050 omnes
845 4009 901 4050 nos
925 3993 1066 4050 doctuloe
1091 3999 1124 4046 et
1146 3987 1262 4048 sciolos
